2350 2946
194 105 215 137 6
824 104 1003 133 CORNELII
1021 103 1147 132 ΤΑΟῙΤῘ
1167 101 1382 131 AGRICOLAE
1403 103 1474 129 7-9
2010 98 2102 125 ΑΒΜ·

311 190 462 234 Sequens
497 202 605 225 atinus
640 192 734 237 gravi
770 193 906 225 vulnere
941 193 1088 225 animum
1123 191 1325 233 domumque
1360 189 1430 221 eius
1464 187 1594 220 afflixit.
1644 185 1732 219 Nam
1762 185 1878 239 classis
1908 183 2101 238 Othoniana

192 238 334 272 licenter
359 250 446 284 vaga
470 238 550 273 dum
575 239 778 274 Intimilium
799 239 970 285 (Liguriae
995 250 1075 284 pai-5
1096 237 1161 284 est)
1181 237 1352 272 hostiliter
1370 235 1561 280 populatur,
1580 235 1722 288 matrem
1743 232 1924 279 Agricolae
1948 244 1985 266 111
2005 244 2100 286 prae-

193 286 257 318 diis
290 286 360 319 suis
393 287 563 321 interfecit
594 287 799 331 praediaque
830 287 903 331 ipsa
932 289 965 319 et
992 297 1147 331 magnam
1178 284 1372 329 patrimonii
1402 284 1531 326 partem
1561 281 1713 334 diripuit,
1743 292 1828 324 quae
1856 280 2100 334 causa-caedis·

192 333 312 366 fuerat.
360 332 472 378 Igitur
501 334 543 367 ad
573 335 750 368 sollemnia
784 335 920 378 pietatis
950 334 1120 377 profectus
1151 331 1310 377 Agricola
1339 330 1458 363 nuntio
1493 328 1640 362 affectati
1672 340 1692 360 a
1721 327 1931 380 Vespasiano
1965 339 2100 379 imperii

193 379 423 423 deprehensus
452 390 491 413 ac
521 381 637 414 statim
663 381 698 414 in
728 384 840 425 partes
865 382 1095 426 transgressus
1120 382 1178 412 est.
1225 378 1325 411 Initia
1349 376 1558 420 principatus
1587 385 1625 428 ac
1650 377 1775 408 statum
1801 374 1896 408 urbis
1911 374 2098 428 *Mucianus
2130 387 2143 407 5

194 426 333 472 regebat
357 427 478 461 iuvene
503 427 683 462 admodum
705 427 899 462 Domitiano
920 430 953 461 et
972 440 1012 461 ex
1033 430 1169 471 paterna
1189 426 1324 459 fortuna
1342 425 1474 457 tantum
1494 422 1664 475 licentiam
1684 424 1883 475 usurpante:
1908 434 1937 456 is
1958 434 2100 456 missum

194 475 237 506 ad
261 474 405 507 dilectus
430 475 578 519 agendos
608 475 800 519 Agricolam
827 476 1024 519 integreque
1048 485 1086 506 ac
1110 476 1243 505 strenue
1263 474 1432 504 versatum
1457 470 1634 502 vicesimae
1654 469 1781 521 legi-oni
1806 469 1901 502 tarde
1916 469 1968 522 ‘ad
1993 480 2099 503 sacra-

194 523 346 554 mentum
371 523 601 566 transgressae
626 522 830 565 praeposuit,
854 521 912 554 ubi
938 521 1088 554 decessor
1113 519 1269 552 seditiose
1293 529 1391 563 agere
1416 515 1623 550 narrabatur.
1664 514 1796 559 Quippe
1820 516 1943 561 legatis
1964 527 2099 560 quoque

196 567 429 601 consularibus
453 569 559 601 nimia
591 580 630 602 ac
658 568 879 601 formidolosa
909 571 978 600 erat
1003 579 1064 601 nec
1088 568 1217 611 legatus
1246 565 1435 609 praetorius
1459 564 1501 596 ad
1526 563 1750 597 cohibendum
1776 565 1908 607 potens,
1932 563 2098 615 incertum

196 625 256 646 suo
281 625 325 646 an
350 614 497 646 militum
522 614 668 658 ingenio
708 614 760 647 Ita
785 625 957 647 successor
981 613 1081 646 simul
1100 616 1134 645 et
1154 614 1243 645 ultor
1262 611 1387 644 electus
1407 610 1578 642 rarissima
1599 609 1831 642 moderatione
1851 611 1973 642 maluit
1992 610 2097 642 videri
2115 622 2141 642 io

195 660 363 695 invenisse
389 659 496 695 bonos
523 673 624 705 quam
649 661 777 696 fecisse.

315 708 472 741 Praeerat
507 711 589 742 tunc
618 709 805 741 Brittaniae
837 708 971 741 Vettius
1001 708 1148 741 Bolanus
1180 706 1353 750 placidius,
1388 717 1487 748 quam
1519 704 1624 737 feroci
1652 705 1828 747 provincia
1857 704 1998 749 dignum
2033 707 2098 738 est:

197 754 397 800 temperavit
417 754 580 801 Agricola
599 755 668 789 vim
689 768 781 790 suam
809 755 1027 800 ardoremque
1048 754 1261 799 compescuit,
1281 764 1322 786 ne
1342 752 1549 796 incresceret,
1569 750 1697 797 peritus
1718 750 1859 798 obsequi
1879 751 2099 798 eruditusque

197 803 296 835 utilia
320 804 474 836 honestis
495 804 643 836 miscere.
683 804 782 836 Brevi
804 804 922 835 deinde
942 803 1108 835 Brittania
1128 802 1333 834 consularem
1355 801 1513 832 Petilium
1535 800 1699 833 Cerialem
1719 801 1857 843 accepit.
1897 800 2100 833 Habuerunt

197 849 340 883 virtutes
366 849 512 894 spatium
539 850 781 895 exemplorum.
831 848 895 883 Sed
920 849 1027 894 primo
1054 848 1191 882 Cerialis
1216 848 1347 881 labores
1373 846 1472 880 modo
1498 848 1531 880 et
1556 846 1761 891 discrimina,
1786 858 1866 881 mox
1896 849 1930 881 et
1955 847 2097 893 gloriam
2115 859 2141 881 1⁶

196 897 483 930 communicabat:
519 909 617 940 saepe
651 898 739 940 parti
775 898 937 930 exercitus
972 898 1006 930 in
1036 896 1315 939 experimentum,
1345 894 1525 937 aliquando
1556 895 1741 928 maioribus
1772 895 1879 938 copiis
1910 907 1950 928 ex
1976 898 2098 928 eventu

196 942 366 986 praefecit.
415 942 488 975 Nec
517 943 680 988 Agricola
709 954 869 986 umquam
901 943 934 975 in
965 954 1056 975 suam
1085 943 1209 975 famam
1240 941 1342 985 gestis
1373 941 1550 974 exultavit:
1579 941 1621 974 ad
1651 943 1823 974 auctorem
1853 952 1891 974 ac
1916 941 2035 975 ducem
2060 943 2100 974 ut

197 990 351 1023 minister
374 989 546 1023 fortunam
568 990 743 1023 referebat.
783 989 834 1023 Ita
854 990 976 1023 virtute
1002 990 1035 1023 in
1060 989 1283 1032 obsequendo,
1303 988 1501 1022 verecundia
1521 988 1556 1021 111
1575 988 1800 1032 praedicando
1821 991 1916 1022 extra
1936 989 2097 1022 invidiam

195 1047 257 1069 nec
282 1038 378 1068 extra
402 1036 547 1080 gloriam
572 1039 651 1069 erat.

315 1081 552 1116 Revertentem
586 1082 628 1116 ab
663 1082 833 1128 legatione
866 1083 1007 1127 legionis
1040 1082 1145 1115 Divus
1171 1081 1396 1125 Vespasianus
1427 1081 1514 1115 inter
1542 1081 1704 1125 patricios
1734 1081 1879 1116 adscivit
1907 1093 1946 1117 ac
1978 1082 2098 1116 deinde
2114 1095 2141 1116 1ο

197 1129 390 1172 provinciae
409 1129 615 1171 Aquitaniae
635 1130 839 1172 praeposuit,
859 1129 1050 1172 splendidae
1070 1129 1224 1172 inprimis
1245 1129 1418 1172 diguitatis
1439 1128 1732 1162 administratione
1756 1140 1794 1162 ac
1814 1141 1873 1173 spe
1893 1130 2098 1172 consulatus,

197 1175 250 1209 cui
282 1175 474 1209 destinarat.
525 1174 673 1208 Credunt
702 1175 852 1220 plerique
882 1175 1082 1209 militaribus
1111 1175 1254 1220 ingeniis
1284 1175 1506 1209 subtilitatem
1538 1175 1662 1219 deesse,
1692 1176 1773 1220 quia
1797 1176 1977 1210 castrensis
2002 1176 2099 1210 iuris—

197 1222 301 1256 dictio
327 1234 444 1256 secura
470 1226 503 1256 et
529 1223 684 1256 obtusior
709 1235 747 1256 ac
771 1224 868 1267 plura
893 1235 993 1256 manu
1018 1235 1118 1267 agens
1143 1223 1359 1256 calliditatem
1384 1223 1449 1256 fori
1475 1235 1543 1256 non
1568 1226 1731 1258 exerceat.
1771 1223 1933 1268 Agricola
1952 1223 2098 1258 naturali

196 1269 375 1312 prudentia
404 1270 559 1313 quamvis
589 1270 677 1302 inter
706 1272 842 1314 togatos
872 1269 968 1314 facile
999 1271 1150 1313 iusteque
1179 1270 1307 1314 agebat.
1357 1269 1427 1302 Iam
1453 1281 1531 1303 vero
1561 1273 1716 1315 tempora
1745 1282 1900 1304 curarum
1931 1271 2098 1305 remissio-

197 1328 346 1360 numque
372 1316 493 1350 divisa:
518 1316 578 1350 ubi
599 1319 783 1350 conventus
803 1329 841 1351 ac
862 1317 983 1350 iudicia
1002 1320 1186 1361 poscerent,
1206 1318 1326 1362 graviS,
1348 1318 1506 1361 intentus,
1528 1330 1664 1353 severus
1685 1321 1719 1352 et
1739 1319 1873 1363 saepius
1893 1319 2099 1362 misericors3
2113 1331 2140 1352 85

196 1363 255 1395 ubi
280 1363 394 1396 officio
425 1364 507 1396 satis
537 1364 676 1406 factum,
710 1364 802 1396 nulla
837 1364 925 1396 ultra
950 1365 1125 1407 potestatis
1154 1376 1306 1407 persona,
1335 1365 1507 1397 tristitiam
1539 1368 1572 1398 et
1602 1366 1831 1410 arrogantiam
1863 1369 1897 1399 et
1922 1366 2098 1399 avaritiam

195 1412 342 1442 exuerat.
392 1408 464 1442 Nec
494 1409 555 1451 illi,
585 1410 676 1453 quod
706 1412 757 1443 est
785 1411 1002 1452 rarissimum,
1031 1413 1089 1443 aut
1118 1411 1262 1444 facilitas
1286 1411 1520 1445 auctoritatem
1551 1415 1610 1445 aut
1635 1413 1796 1446 severitas
1821 1424 1970 1447 amorem
1997 1413 2099 1447 demi-

194 1457 278 1490 nuit.
327 1455 563 1501 Integritatem
590 1458 691 1500 atque
716 1457 951 1491 abstinentiam
978 1458 1012 1490 in
1037 1459 1130 1491 tanto
1156 1459 1227 1491 viro
1252 1458 1373 1492 referi-e
1398 1459 1520 1492 iniuria
1544 1460 1708 1493 virtutum
1735 1460 1846 1494 fuerit.
1895 1460 1948 1494 Ne
1972 1461 2097 1494 famam

195 1503 341 1546 quidem,
372 1504 425 1536 cui
458 1514 557 1547 saepe
587 1504 690 1536 etiam
720 1503 800 1537 boni
825 1504 1009 1548 indulgent,
1035 1505 1231 1538 ostentanda
1256 1505 1378 1538 virtute
1404 1508 1461 1538 aut
1485 1518 1545 1550 per
1569 1509 1675 1540 artem
1703 1507 1882 1551 quaesivit:
1911 1507 2031 1551 procul
2055 1507 2097 1540 ab

195 1550 423 1583 aemulatione
448 1550 608 1583 adversus
634 1550 789 1594 collegas,
814 1552 933 1594 procul
957 1563 976 1584 a
1001 1552 1213 1585 contentione
1239 1552 1395 1585 adversus
1425 1557 1660 1597 procuratores
1691 1556 1723 1588 et
1750 1554 1882 1588 vincere
1912 1554 2097 1600 inglorium
2113 1566 2140 1587 ³0

194 1600 228 1629 et
253 1597 352 1630 atteri
378 1597 551 1630 sordidum
583 1597 819 1630 arbitrabatur.
868 1597 979 1631 Minus
1009 1599 1190 1632 triennium
1219 1599 1254 1631 111
1283 1611 1321 1632 ea
1345 1600 1513 1643 legatione
1545 1601 1700 1634 detentus
1731 1613 1769 1634 ac
1794 1602 1910 1634 statim
1936 1603 1978 1635 ad
2003 1614 2097 1645 spem

194 1643 390 1676 consulatus
415 1645 592 1676 revocatus
618 1646 669 1676 est
699 1643 879 1676 comitante
909 1644 1076 1688 opinione,
1101 1644 1300 1678 Brittaniam
1326 1646 1356 1679 ei
1380 1647 1587 1690 provinciam
1613 1648 1694 1686 dari,
1714 1647 1818 1681 nullis
1843 1648 1878 1682 in
1903 1648 1968 1682 hoc
1991 1648 2098 1693 ipsius

194 1690 417 1732 sermonibus,
452 1690 510 1723 sed
546 1689 625 1732 quia
660 1701 721 1733 par
755 1690 938 1724 videbatur.
987 1691 1086 1724 Haud
1120 1703 1250 1735 semper
1284 1696 1372 1725 errat
1405 1693 1502 1737 fama,
1537 1695 1721 1738 aliqnando
1752 1698 1785 1728 et
1815 1696 1920 1739 eligit.
1972 1695 2098 1729 Consul

193 1736 349 1780 egregiae
374 1738 447 1769 tum
473 1737 545 1779 spei
566 1735 671 1769 filiam
693 1737 802 1769 iuveni
826 1736 908 1770 mihi
929 1737 1105 1782 despondit
1126 1750 1162 1771 ac
1182 1741 1259 1782 post
1279 1739 1488 1774 consulatum
1510 1741 1699 1784 collocavit,
1719 1744 1752 1775 et
1773 1743 1889 1775 statim
1909 1741 2098 1777 Brittaniae

192 1783 407 1826 praepositus
433 1785 485 1816 est
509 1783 642 1817 adiecto
667 1783 884 1826 pontificatus
910 1784 1102 1818 sacerdotio.
2113 1800 2140 1821 ³⁵

307 1916 320 1939 1
343 1913 449 1949 annus]
472 1915 551 1939 annu
571 1915 592 1939 B
670 1912 789 1949 afflixit]
810 1913 924 1941 adflixit
944 1916 964 1940 B
1040 1914 1150 1952 classis]
1173 1916 1261 1944 claxis
1282 1920 1302 1944 Τ
1322 1927 1356 1944 m.
1373 1927 1420 1953 pr.
1508 1922 1523 1946 2
1544 1918 1718 1947 Intimilium
1740 1921 1914 1949 Mommsen:
1935 1919 1965 1948 iii
1986 1920 2098 1956 templo

191 1952 282 1977 uer
364 1950 501 1986 matrem]
523 1958 593 1977 118111
613 1951 737 1977 matrem
759 1953 810 1984 Gr,
830 1952 878 1978 sed
897 1960 965 1978 nam
985 1952 1017 1978 in
1037 1955 1058 1978 G
1075 1962 1150 1981 nunc
1164 1963 1226 1982 eras
1329 1958 1345 1981 3
1366 1956 1466 1993 causa]
1487 1965 1576 1984 casua
1596 1960 1616 1984 Τ
1635 1966 1671 1984 m.
1684 1966 1730 1993 pr.
1828 1961 1845 1985 4
1866 1957 2033 1994 sollemnia]
2053 1966 2096 1985 so-

190 1987 301 2015 lemnia
319 1989 410 2014 ABGT
489 1986 632 2024 affectati]
655 1986 754 2014 affecti
775 1990 797 2014 G
818 1997 851 2015 m.
863 1997 909 2024 pin
987 1992 1003 2015 5
1024 1989 1230 2028 deprehensus]
1252 1992 1416 2028 ἀει-1110118118
1437 1996 1468 2027 G,
1489 1994 1688 2030 deprehensus
1708 1996 1754 2023 est
1773 1997 1794 2022 B
1870 1996 1983 2032 partes]
2004 1995 2098 2031 partis

190 2027 211 2051 Β
285 2025 340 2061 est]
362 2034 415 2053 om.
432 2026 453 2051 B
531 2024 698 2061 Mucianus]
720 2024 870 2052 Mutianus
890 2028 959 2052 ABG
1035 2030 1048 2053 7
1071 2027 1208 2065 dilectus]
1229 2029 1358 2057 delectus
1379 2033 1469 2058 amr
1544 2033 1704 2070 versatum]
1725 2034 1863 2061 uersante
1884 2035 1907 2060 A
1926 2042 1962 2061 m.
1974 2042 2022 2070 pr.

190 2062 358 2099 vicesimae]
380 2061 525 2099 uigesime
545 2064 567 2089 B
658 2065 674 2089 8
695 2062 758 2099 ubi]
781 2063 831 2090 ubi
853 2072 917 2097 cum
939 2066 968 2097 G,
989 2073 1113 2100 expuam.
1129 2075 1163 2093 m.
1178 2075 1222 2101 pr.
1318 2070 1334 2095 9
1354 2069 1472 2106 potens]
1492 2070 1525 2097 in
1545 2072 1567 2097 G
1587 2069 1654 2098 add.
1670 2071 1703 2101 in
1722 2072 1854 2108 maryine
1873 2080 1909 2099 m.
1924 2080 1968 2106 pr.
1989 2072 2098 2107 potest,

189 2101 238 2128 sed
257 2109 337 2128 nunc
355 2109 428 2128 eras.
499 2102 533 2127 10
553 2099 645 2136 ultor]
665 2099 762 2127 ulctor
776 2102 874 2133 ABGT,
894 2101 942 2128 sed
961 2110 976 2128 c
996 2102 1027 2128 in
1042 2104 1065 2128 Δ
1081 2108 1208 2138 empunct.
1278 2108 1309 2132 11
1327 2105 1428 2143 bonos]
1446 2107 1537 2134 donos
1553 2109 1574 2134 B
1643 2111 1676 2135 12
1693 2108 1870 2146 Brittaniae]
1885 2108 2051 2137 Brittaniae
2067 2111 2097 2143 G.

189 2156 358 2199 britanniae
374 2158 465 2199 ΔΒΤῬ
524 2155 655 2192 Vettius]
672 2143 766 2199 vgtius
787 2159 810 2183 Δ
887 2157 1026 2195 Bolanus]
1047 2158 1176 2187 Volanus
1196 2163 1262 2188 AGT
1344 2162 1506 2200 provincia]
1530 2164 1680 2199 pronintia
1701 2167 1724 2192 A
1802 2169 1836 2193 13
1862 2165 1996 2202 obsequi]
2023 2166 2056 2194 in
2076 2168 2098 2193 G

189 2195 257 2221 add.
274 2203 305 2221 m
325 2202 458 2229 marqme
477 2202 572 2228 m.p1·.
593 2202 742 2228 consequi,
766 2195 815 2221 sed
841 2203 916 2222 nunc
941 2204 1010 2222 eras.
1108 2200 1140 2223 13
1161 2197 1317 2234 Brittania]
1345 2200 1494 2227 britannia
1514 2203 1601 2228 ABT?
1695 2202 1846 2239 Petilium]
1872 2203 1905 2230 in
1930 2205 1952 2229 G
1978 2203 2045 2230 add.
2066 2204 2098 2230 in

189 2250 321 2286 margine
340 2248 448 2285 petilli'i
509 2247 669 2291 perialem]
690 2248 847 2277 caerialem
868 2251 935 2292 AGT
997 2250 1179 2289 Habuerunt]
1201 2254 1231 2281 i'n
1252 2257 1273 2281 G
1293 2255 1359 2284 add.
1381 2256 1412 2284 in
1431 2258 1561 2294 marqine
1580 2257 1686 2286 habuit
1759 2262 1793 2287 15
1813 2258 1951 2297 virtutes]
1971 2241 2098 2287 uirtutis

189 2290 212 2314 G
269 2287 413 2323 spatium]
433 2294 568 2322 spacium
588 2289 611 2313 Δ
670 2286 882 2323 exemplorum]
903 2296 934 2314 m
956 2290 977 2314 G
996 2289 1062 2316 add.
1084 2291 1115 2316 in
1135 2292 1262 2327 margine
1282 2293 1400 2328 exeplar
1457 2294 1589 2331 Cerialis]
1612 2295 1752 2323 Caerialis
1773 2300 1820 2324 AG
1888 2299 1924 2324 20
1943 2297 2098 2333 patricios]

189 2324 328 2359 patritios
349 2326 416 2351 BGT
513 2323 650 2360 adscivit]
673 2324 780 2351 ascivit
800 2326 822 2350 G
842 2333 876 2351 m.
888 2333 934 2359 pr.
1031 2329 1063 2353 21
1086 2327 1265 2365 provinciae]
1290 2330 1437 2368 prouintie
1457 2334 1480 2359 Δ
1575 2333 1767 2377 Aquitaniae]
1793 2333 1964 2372 aequitania
1983 2336 2004 2362 Β

188 2361 374 2398 praeposuit]
394 2361 552 2404 proposuit
571 2363 592 2388 B
695 2364 730 2389 22
752 2361 867 2404 deesse]
888 2362 990 2390 adesse
1009 2365 1029 2389 Β
1125 2367 1159 2392 23
1180 2365 1321 2404 obtusior]
1342 2369 1475 2404 optusior
1495 2373 1517 2397 G
1535 2379 1571 2399 m.
1583 2380 1630 2407 pr.
1708 2371 1765 2399 fori
1786 2372 1858 2409 non]
1878 2371 1962 2400 forefi
1982 2374 2003 2399 Β

188 2402 224 2427 ‘24
245 2399 392 2436 tempora]
412 2401 556 2435 temporis
577 2400 607 2427 et
626 2400 647 2426 Β
726 2401 761 2426 25
776 2399 899 2435 iudicia]
915 2399 1022 2428 iuditia
1042 2404 1064 2428 Δ
1140 2406 1174 2430 26
1195 2404 1276 2431 1111118
1297 2428 1319 2432 ..
1342 2415 1465 2441 persona
1485 2408 1655 2437 Rhenanus:
1677 2410 1790 2437 nullam
1806 2432 1812 2437 .
1825 2432 1831 2438 .
1852 2418 2009 2446 personam
2028 2412 2098 2438 ABG

187 2447 223 2465 m.
236 2446 293 2473 pr„
313 2436 427 2464 nullam
444 2459 448 2464 .
463 2459 468 2464 .
485 2444 612 2472 persona
633 2438 655 2463 G
675 2445 746 2464 corr.
763 2439 783 2463 Τ
860 2437 1025 2475 avaritiam]
1050 2439 1207 2468 auariciam
1228 2444 1251 2468 Δ
1328 2446 1361 2470 27
1382 2444 1524 2483 facilitas]
1545 2445 1671 2474 facultas
1693 2449 1714 2474 B
1779 2447 1937 2485 deminuit]
1958 2447 2099 2476 diminuit

187 2477 233 2503 ΔΒ
330 2477 366 2503 28
386 2474 489 2512 fuerit]
510 2473 708 2518 fieretfuerit
728 2477 759 2506 G,
779 2483 904 2510 eapunx.
922 2484 956 2503 m.
969 2485 1015 2519 pr.
1110 2481 1145 2506 29
1166 2487 1252 2515 saepe
1268 2481 1369 2519 etiam]
1390 2482 1480 2511 etiam
1501 2492 1589 2520 saepe
1608 2487 1629 2512 Β
1725 2485 1903 2514 ostentanda
1924 2486 2097 2516 Rhenanus:

187 2513 508 2556 ostentandamflBGT
580 2513 700 2555 virtute]
719 2514 789 2555 ‘uIte
809 2515 832 2539 Δ
853 2522 887 2540 m.
900 2522 956 2556 pr„
977 2515 1103 2557 uirtute*
1125 2519 1155 2550 G,
1176 2526 1204 2544 m
1224 2527 1294 2546 eras.
1385 2521 1542 2559 quaesivit]
1563 2523 1692 2558 quaesiit
1712 2526 1755 2551 GT
1827 2527 1861 2552 31
1883 2524 1985 2562 atteri]
2006 2524 2098 2553 aeteri

187 2553 208 2578 Β
305 2553 340 2578 82
361 2550 554 2588 Brittaniam]
575 2550 775 2578 Brittanniam
798 2553 849 2585 GT,
870 2550 1052 2579 Britanniam
1072 2555 1117 2580 ΔΒ
1211 2556 1404 2595 provinciam]
1429 2559 1612 2594 prouintiam
1631 2563 1655 2588 Δ
1750 2561 1856 2600 ipsius]
1877 2562 1938 2591 suis
1958 2564 2004 2590 ΑΒ

188 2591 223 2616 33
243 2588 348 2633 Haud]
370 2590 423 2616 aut
442 2591 482 2632 B·
555 2588 646 2625 errat]
672 2589 737 2616 erat
756 2590 777 2614 Β
873 2588 969 2625 eligit]
989 2589 1080 2625 elegit
1099 2593 1143 2618 ΑΒ
1174 2629 1179 2634 ⁴
1236 2596 1271 2621 34
1291 2595 1427 2631 egregiae
1449 2598 1639 2626 Puteolanus:
1662 2600 1815 2636 *graeciae
1836 2603 1867 2635 G,
1887 2601 2022 2636 graeciae
2043 2603 2097 2636 Ar,

187 2627 272 2663 grate²
292 2628 315 2653 A
335 2635 365 2654 1η
388 2635 527 2662 vnarqsne,
546 2627 632 2661 grate
653 2627 673 2652 Β
751 2633 786 2652 ac
806 2626 886 2662 post]
907 2626 930 2653 ἅ*
951 2629 1017 2661 post
1036 2630 1057 2654 Β
1134 2629 1309 2668 lli-ittaniae]
1330 2632 1514 2663 Brittanniae
1534 2638 1586 2670 GT,
1606 2635 1754 2675 britannie
1775 2639 1820 2664 ΔΒ
