2350 2946
224 132 266 165 12
829 131 1006 160 CORNELII
1026 129 1151 158 TACITl
1172 127 1386 157 AGRICOLAE
1407 129 1516 155 28—26
2039 125 2131 152 naht

221 219 326 252 maris
346 218 497 253 aestibus
517 230 578 264 per
598 219 800 253 immensum
820 220 971 253 revectae
996 218 1140 262 angusto
1165 218 1330 250 terrarum
1356 212 1465 258 spatio
1491 212 1703 246 dirimuntur.
1743 210 1838 252 Quod
1860 212 1933 243 tum
1949 209 2131 264 praesidiis

221 266 425 300 firmabatur
448 268 549 310 atque
575 267 686 301 omnis
711 266 851 310 propior
875 266 969 299 sinus
994 264 1170 298 tenebatur
1193 262 1371 296 summotis
1395 260 1487 294 velut
1511 260 1546 293 in
1571 259 1671 293 aliam
1696 259 1842 311 insulam
1866 257 2031 292 hostibus.

165 315 205 345 24
344 313 472 354 Quinto
502 313 755 358 expeditionum
785 324 873 347 anno
902 313 938 346 in
967 323 1060 346 oram
1090 309 1276 354 proximam
1306 311 1532 353 transgressus
1561 306 1695 351 ignotas
1724 305 1766 339 ad
1794 304 1830 338 id
1853 307 1988 358 tempus
2013 307 2131 358 gentes

224 360 351 394 crebris
381 361 483 394 simul
512 373 551 394 ac
580 361 751 405 prosperis
780 359 918 404 proeliis
948 359 1078 392 domuit
1107 368 1247 400 eamque
1276 358 1405 399 partem
1436 353 1633 396 Brittaniae,
1663 364 1748 396 quae
1773 352 1974 386 Hiberniam
1999 354 2131 396 aspicit,

224 407 333 453 copiis
359 407 531 449 instruxit,
556 408 592 441 in
617 418 711 452 spem
736 408 844 452 magis
869 417 968 450 quam
994 405 1037 439 ob
1057 403 1280 446 formidinem,
1300 401 1328 435 si
1349 401 1483 445 quidem
1503 399 1667 433 Hibernia
1687 399 1797 433 medio
1817 398 1907 432 inter
1926 398 2130 433 Brittaniam
2161 414 2173 434 ο

225 457 327 498 atque
351 455 553 499 Hispaniam
584 455 649 488 sita
678 458 711 488 et
737 454 865 488 Gallico
896 464 1029 496 quoque
1059 451 1142 484 mari
1172 451 1362 494 opportuna
1386 447 1650 481 valentissimam
1681 446 1815 491 imperii
1839 448 1972 490 partem
1997 446 2130 491 magnis

225 502 260 535 in
279 502 388 535 vicem
407 502 525 535 usibus
545 501 726 535 miscuerit.
765 500 919 544 Spatium
939 499 1019 541 eius,
1040 498 1067 531 si
1088 497 1274 530 Brittaniae
1294 496 1515 538 comparetur,
1540 494 1717 539 angustius
1742 493 1850 526 nostri
1876 493 1979 526 maris
2003 493 2130 526 insulas

225 551 372 593 superat,
402 550 511 582 solum
541 549 736 591 caelumque
766 550 799 580 et
829 547 963 591 ingenia
987 545 1162 587 cultusque
1187 544 1359 576 hominum
1386 541 1476 574 haud
1502 540 1646 573 multum
1672 553 1691 573 a
1716 540 1885 574 Brittania
1911 540 2071 574 differunt
2096 540 2131 573 in

226 595 358 638 melius,
387 595 499 629 aditus
528 597 711 639 portusque
740 605 799 637 per
829 592 1028 626 commercia
1057 593 1090 624 et
1119 590 1345 636 negotiatores
1376 587 1514 633 cogniti.
1563 586 1725 632 Agricola
1755 587 1933 632 expulsum
1965 586 2130 621 seditione

226 642 410 676 domestica
439 654 544 675 unum
574 654 615 675 ex
644 641 770 686 regulis
799 640 908 684 gentis
934 640 1109 683 exceperat
1133 649 1172 671 ac
1197 637 1306 681 specie
1331 635 1499 669 amicitiae
1524 635 1559 668 in
1585 635 1796 668 occasionem
1821 634 2003 669 retinebat:
2033 645 2131 679 saepe
2147 649 2174 670 10

226 701 266 724 ex
292 700 332 723 eo
357 689 487 723 audivit
510 688 642 735 legione
668 699 734 722 una
758 690 791 721 et
817 686 955 721 modicis
981 686 1116 719 auxiliis
1141 683 1299 719 debellari
1321 682 1533 726 obtinerique
1554 681 1754 715 Hiberniam
1774 693 1884 726 posse,
1908 681 2009 726 idque
2029 682 2129 716 etiam

227 738 386 771 adversus
405 737 607 771 Brittaniam
628 736 853 780 profuturum,
878 736 906 768 si
928 734 1079 768 Romana
1099 733 1222 776 ubique
1242 743 1334 765 arma
1354 734 1388 764 et
1408 729 1501 764 velut
1520 732 1554 764 et
1573 731 1757 774 conspectu
1781 730 1920 765 libertas
1945 730 2130 765 tolleretur.

170 787 210 816 25
345 783 500 817 Ceterum
529 785 664 824 aestate,
689 794 753 825 qua
779 784 909 814 sextum
936 781 1039 814 officii
1065 791 1188 812 annum
1214 778 1403 820 incohabat,
1430 778 1606 821 amplexus
1631 777 1786 810 civitates
1815 780 1909 810 trans
1934 777 2130 811 Bodotriam

227 831 319 867 sitas,
349 832 428 874 quia
456 833 568 863 motus
599 830 825 862 universarum
858 829 945 861 ultra
975 827 1127 871 gentium
1157 829 1190 859 et
1219 825 1341 859 infesta
1369 824 1527 858 hostibus
1556 824 1724 859 exercitus
1759 824 1881 858 itinera
1914 823 2131 867 timebantur,

226 879 344 920 portus
365 878 469 909 classe
490 876 686 919 exploravit.
725 875 815 913 Quae
835 874 876 906 ab
897 873 1056 917 Agricola
1076 874 1222 916 primum
1243 871 1421 915 adsumpta
1440 872 1476 904 111
1490 873 1621 915 partem
1638 871 1761 904 virium
1777 871 1980 914 sequebatur
1995 871 2131 915 egregia
2147 886 2173 906 15

227 923 346 967 specie,
372 935 447 957 cum
473 923 574 956 simul
599 925 695 957 terra.
725 922 825 954 simul
849 920 932 954 mari
959 919 1084 953 bellum
1110 919 1337 963 impelleretur
1366 929 1404 951 ac
1429 929 1527 962 saepe
1553 917 1659 951 isdem
1686 918 1806 952 castris
1831 917 1932 962 pedes
1962 929 2131 962 equesque

227 973 260 1003 et
284 970 438 1003 nauticus
464 970 559 1002 miles
587 970 684 1002 mixti
715 968 820 1010 copiis
846 970 878 1001 et
903 967 1033 1000 laetitia
1058 978 1118 999 sua
1143 967 1285 1010 quisque
1310 966 1410 1009 facta,
1435 976 1515 999 suos
1540 976 1636 998 casus
1667 967 1862 999 attollerent
1886 976 1925 998 ac
1949 965 2050 999 modo
2076 965 2131 998 sil-

228 1029 342 1051 varum
367 1028 405 1051 ac
428 1016 592 1050 montium
618 1014 793 1060 profunda,
819 1014 918 1047 niodo
944 1015 1182 1058 tempestatum
1208 1024 1246 1047 ac
1270 1012 1433 1046 fluctuum
1459 1012 1609 1057 adversa,
1633 1011 1713 1046 hinc
1737 1014 1828 1046 terra
1852 1014 1886 1046 et
1911 1011 2030 1056 hostis,
2052 1011 2131 1046 hinc

228 1066 334 1098 victus
360 1064 510 1097 Oceanus
534 1063 671 1096 militari
698 1062 855 1095 iactantia
881 1064 1162 1105 compararentur.
1212 1061 1410 1094 Brittannos
1436 1072 1580 1104 quoque,
1610 1063 1648 1094 ut
1677 1072 1718 1093 ex
1749 1060 1893 1104 captivis
1922 1060 2131 1103 audiebatur,

229 1112 297 1145 visa
321 1111 436 1145 classis
462 1109 755 1154 obstupefaciebat,
781 1111 949 1152 tamquam
977 1110 1095 1152 aperto
1121 1109 1222 1142 maris
1248 1107 1300 1141 sui
1325 1109 1454 1141 secreto
1480 1107 1637 1141 ultimum
1659 1107 1759 1141 victis
1783 1107 1976 1152 perfugium
2002 1107 2131 1141 claude-
2147 1121 2175 1142 20

226 1161 326 1191 retur.
374 1158 427 1191 Ad
456 1169 574 1190 manus
604 1159 637 1190 et
665 1169 758 1190 arma
787 1155 938 1189 conversi
969 1155 1179 1189 Calidoniam
1209 1155 1393 1188 incolentes
1424 1155 1543 1198 populi
1572 1166 1696 1200 magno
1726 1156 1857 1198 paratu,
1882 1156 2007 1188 maiore
2032 1155 2132 1198 fama,

225 1206 274 1238 uti
304 1216 377 1238 mos
406 1206 457 1238 est
485 1204 524 1237 de
555 1203 687 1248 ignotis.
737 1202 940 1247 Oppugnare
973 1203 1061 1236 ultro
1097 1204 1273 1236 castellum
1309 1202 1418 1236 adorti
1452 1204 1579 1235 metum
1608 1204 1647 1235 ut
1676 1204 1897 1246 provocantes
1927 1201 2132 1246 addiderant,

225 1251 543 1296 regrediendumque
572 1251 656 1284 citra
685 1250 881 1283 Bodotriam
911 1253 944 1283 et
975 1249 1157 1283 cedendum
1188 1250 1312 1293 potius,
1343 1261 1444 1293 quam
1474 1251 1689 1293 pellerentur,
1715 1249 1828 1294 ignavi
1855 1250 1965 1293 specie
1989 1248 2132 1293 pruden-

224 1300 308 1333 tium
334 1298 564 1341 admonebant,
590 1309 665 1331 cum
690 1297 824 1331 interim
851 1297 1026 1343 cognoscit
1049 1296 1158 1331 hostis
1183 1296 1338 1342 pluribus
1359 1296 1552 1343 agminibus
1572 1296 1777 1342 inrupturos.
1818 1295 1869 1330 Ac
1889 1308 1931 1330 ne
1952 1298 2131 1341 superante

225 1358 361 1379 numero
387 1349 420 1378 et
444 1346 564 1389 peritia
588 1345 739 1378 locorum
765 1345 1007 1387 circumiretur,
1032 1345 1141 1378 diviso
1167 1348 1201 1378 et
1224 1346 1298 1389 ipse
1323 1344 1357 1376 in
1384 1347 1452 1378 tres
1477 1347 1591 1388 partes
1617 1345 1767 1377 exercitu
1793 1344 1938 1378 incessit.
2147 1359 2174 1378 π»

168 1398 206 1425 :26
341 1392 436 1432 Quod
465 1392 523 1425 ubi
552 1392 725 1437 cognitum
754 1391 856 1435 hosti,
886 1394 1018 1425 mutato
1048 1393 1185 1436 repente
1214 1391 1355 1425 consilio
1386 1391 1534 1425 universi
1564 1402 1689 1424 nonam
1718 1391 1887 1436 legionem
1918 1393 1957 1425 ut
1986 1391 2131 1424 maxime

223 1440 400 1473 invalidam
427 1442 524 1472 nocte
554 1439 703 1483 adgressi
733 1439 821 1472 inter
851 1450 1006 1472 somnum
1036 1450 1075 1471 ac
1104 1438 1361 1483 trepidationem
1392 1439 1497 1472 caesis
1526 1438 1688 1483 vigilibus
1718 1438 1884 1481 inrupere.
1933 1437 2072 1482 Iamque
2097 1438 2131 1471 in

222 1487 303 1529 ipsis
332 1487 450 1519 castris
479 1486 703 1529 pugnabatur,
733 1497 808 1518 cum
839 1485 1001 1529 Agricola
1030 1486 1095 1518 iter
1124 1485 1273 1519 hostium
1305 1485 1346 1518 ab
1377 1485 1649 1528 exploratoribus
1680 1486 1818 1518 edoctus
1848 1488 1882 1518 et
1907 1486 2059 1528 vestigiis
2084 1485 2132 1518 in-

222 1535 356 1567 secutus
386 1533 613 1565 velocissimos
645 1532 798 1576 equitum
828 1532 1047 1576 peditumque
1077 1532 1246 1566 adsultare
1276 1533 1381 1577 tergis
1411 1532 1635 1577 pugnantium
1666 1532 1769 1575 iubet,
1795 1543 1873 1565 mox
1898 1531 1941 1565 ab
1967 1532 2131 1565 universis

221 1580 306 1614 adici
332 1580 521 1614 clamorem.
561 1579 606 1613 Et
632 1580 824 1623 propinqua
850 1580 923 1613 luce
949 1579 1073 1613 fulsere
1099 1581 1204 1625 signa.
1243 1578 1295 1613 Ita
1320 1579 1460 1623 ancipiti
1485 1580 1576 1613 malo
1601 1579 1710 1613 territi
1732 1579 1912 1622 Brittanni,
1936 1582 1970 1613 et
1989 1579 2132 1613 nonanis
2147 1595 2175 1614 ao

221 1627 306 1661 redit
329 1627 468 1660 animus.
516 1626 566 1660 Ac
591 1627 701 1660 securi
726 1638 788 1671 pro
816 1627 924 1661 salute
950 1626 990 1661 de
1015 1627 1124 1671 gloria
1150 1627 1332 1670 certabant,
1357 1628 1447 1661 ultro
1473 1627 1555 1671 quin
1580 1627 1681 1660 etiam
1707 1637 1857 1670 erupere,
1886 1628 1920 1660 et
1945 1626 2011 1660 fuit
2035 1629 2130 1660 atrox

224 1675 255 1706 in
280 1675 361 1718 ipsis
386 1676 559 1717 portarum
585 1674 752 1718 angustiis
777 1674 954 1717 proelium,
979 1674 1085 1707 donec
1105 1674 1194 1718 pulsi
1216 1674 1340 1717 hostes,
1361 1677 1504 1717 utroque
1525 1674 1675 1707 exercitu
1695 1675 1853 1713 certante,
1873 1673 1936 1717 his,
1956 1676 1994 1707 ut
2015 1674 2131 1707 tulisse

221 1732 326 1764 opem,
352 1721 430 1764 illis,
453 1732 495 1754 ne
520 1721 652 1765 eguisse
677 1720 804 1754 auxilio
831 1721 1033 1754 viderentur.
1075 1720 1171 1760 Quod
1197 1721 1261 1753 nisi
1288 1720 1427 1764 paludes
1453 1723 1487 1753 et
1512 1721 1615 1753 silvae
1640 1721 1808 1765 fugientes
1829 1720 2002 1763 texissent,
2024 1720 2132 1753 debel-

219 1768 325 1801 latum
350 1768 408 1801 illa
433 1769 576 1801 victoria
600 1768 698 1801 foret.

330 1863 346 1887 :2
367 1861 466 1897 atque]
489 1860 585 1896 adque
604 1862 631 1887 Η
652 1870 686 1888 m.
698 1870 746 1896 pr.
806 1860 934 1897 propior]
957 1861 1092 1897 proprior
1110 1863 1178 1887 ΗΜ
1250 1864 1266 1887 3
1287 1861 1316 1887 111
1337 1869 1418 1888 oram
1438 1860 1602 1897 proximam
1621 1862 1738 1896 scripsi:
1758 1869 1834 1888 naue
1854 1860 1951 1897 prima
1971 1863 2062 1887 Habt

219 1898 425 1935 transgressus]
442 1900 625 1934 trangressus
641 1901 686 1925 nt
742 1899 856 1935 gentes]
878 1899 975 1933 gentis
995 1901 1011 1925 b
1071 1902 1087 1926 4
1108 1899 1285 1935 Brittaniae]
1307 1898 1472 1926 britanniae
1492 1901 1518 1925 Η
1538 1908 1573 1926 m.
1588 1908 1640 1926 sec.
1656 1901 1740 1926 abt?
1798 1902 1815 1925 ὃ
1836 1898 1985 1935 instruxit]
2007 1898 2131 1926 instruc-

217 1936 261 1964 xit
280 1938 305 1963 Η
325 1945 360 1964 m.
372 1945 429 1972 pr„
450 1935 575 1964 intruxit
594 1946 611 1963 a
674 1936 723 2002 ob]
744 1935 775 1963 111
795 1938 812 1963 b
871 1936 1060 1973 Brittaniam]
1082 1936 1263 1964 britanniam
1283 1938 1310 1963 11
1331 1946 1363 1964 m.
1380 1945 1431 1965 sec.
1448 1939 1531 1964 abt?
1608 1939 1624 1964 6
1645 1936 1830 1973 Hispaniam]
1853 1935 2029 1973 hyspaniam
2049 1940 2062 1963 t

218 1974 391 2012 opportuna]
414 1975 559 2010 oportuna
578 1976 614 2002 bt
676 1983 712 2002 va
725 1974 919 2012 entissimam]
941 1974 1174 2004 uolentissimam
1194 1977 1221 2002 Η
1240 1984 1275 2003 m.
1291 1984 1342 2004 sec.
1408 1978 1421 2002 ἵ
1444 1974 1619 2011 Brittaniae']
1641 1974 1808 2003 britanniae
1828 1977 1854 2002 Η
1876 1985 1909 2002 m.
1925 1983 1976 2004 sec.
1993 1976 2075 2002 abt?

218 2016 233 2038 8
255 2013 346 2048 haud]
366 2012 440 2040 haut
458 2015 493 2045 Ε,
512 2012 562 2040 sed
581 2013 600 2039 h
621 2016 687 2040 ante
706 2022 817 2041 versum
837 2023 871 2041 m.
885 2023 931 2049 pr.
943 2018 956 2040 ἱ)
1019 2013 1177 2049 Brittania]
1199 2013 1350 2041 britannia
1368 2016 1394 2040 Η
1414 2023 1450 2041 m.
1465 2022 1517 2042 sec.
1533 2016 1615 2041 abt?
1678 2013 1821 2041 differunt
1841 2013 2012 2041 Rhenanus:
2034 2011 2133 2040 differt

217 2052 326 2077 Habt‘?
403 2052 418 2077 9
439 2050 600 2086 portusque
619 2051 683 2086 per]
704 2052 865 2086 portusque
885 2052 907 2078 ἅτ
929 2053 945 2077 b
1023 2051 1208 2087 commercia]
1236 2051 1408 2078 commertia
1427 2053 1499 2078 Bab
1586 2051 1796 2087 negotiatores]
1823 2049 2025 2086 negociatores
2050 2052 2076 2076 Η
2095 2058 2130 2077 m.

215 2097 259 2122 pr.
276 2090 314 2114 ab
401 2089 435 2115 10
455 2087 563 2124 gentis]
584 2088 616 2115 in
636 2090 663 2115 Η
682 2088 748 2116 add.
766 2097 802 2115 m.
818 2097 869 2116 sec.
885 2090 918 2116 in
938 2090 1068 2125 margine
1087 2091 1174 2124 gente
1266 2088 1375 2125 specie]
1397 2088 1510 2124 spetiae
1531 2091 1557 2115 11
1648 2087 1811 2125 amicitiae]
1833 2087 1987 2115 amiciciae
2007 2089 2047 2115 ab

217 2125 409 2161 occasionem]
431 2124 632 2152 occansionem
652 2128 696 2152 nt
793 2129 824 2152 11
848 2126 963 2153 audivit
982 2127 1185 2154 Hez'rlenheim:
1207 2126 1310 2154 audiui
1330 2128 1424 2153 Habt
1516 2129 1549 2153 12
1571 2126 1760 2162 Brittaniam]
1782 2125 1964 2153 britanniam
1983 2127 2010 2152 11
2030 2134 2065 2152 m.
2080 2133 2130 2153 sec.

216 2164 294 2189 abt?
381 2164 415 2189 13
435 2161 580 2198 Ceterum]
603 2161 757 2190 Caeterum
778 2165 817 2190 ab
894 2163 1066 2200 incohabat]
1088 2163 1247 2191 inchoabat
1267 2168 1288 2197 t,
1309 2163 1437 2191 cohabat
1456 2166 1473 2190 b
1551 2163 1734 2199 Bodotriam]
1756 2171 1794 2190 uo
1820 2162 1949 2190 dotriam
1968 2164 2002 2195 Η,
2027 2161 2077 2190 sed
2095 2171 2130 2190 m.

217 2208 266 2227 rec.
285 2199 352 2227 add.
369 2200 401 2226 in
416 2200 545 2235 maryine
560 2199 740 2234 bodovham,
756 2200 923 2228 uodotriam
939 2202 1012 2228 etin
1031 2202 1161 2237 maryim·
1181 2201 1350 2228 bodoffiam
1371 2205 1383 2228 t
1452 2204 1486 2228 14
1507 2200 1642 2228 hostibus
1659 2201 1780 2228 Becker:
1800 2199 1918 2227 hostilis
1938 2202 2037 2233 naht,
2057 2199 2088 2226 in
2107 2202 2133 2226 Β

217 2237 283 2263 add.
300 2246 335 2264 m.
350 2245 402 2264 sec.
418 2237 451 2263 in
466 2237 594 2272 margine
613 2236 716 2264 hostili
736 2237 865 2265 exercitu
956 2238 1148 2274 timebantur]
1170 2237 1316 2265 timebant
1336 2241 1375 2265 ab
1469 2241 1503 2265 15
1524 2237 1698 2273 exploravit]
1720 2236 1888 2272 explorabit
1907 2239 1933 2263 Κ
1952 2246 1987 2264 m.
2001 2245 2047 2272 pr.

217 2273 333 2311 virium]
349 2274 381 2301 in
396 2276 422 2300 Π
437 2274 504 2301 add.
517 2283 550 2301 m.
566 2283 616 2302 sec.
629 2275 661 2303 in
676 2276 806 2312 marqirw
821 2274 923 2303 uinum
983 2278 1016 2303 16
1032 2275 1232 2311 impelleretur
1243 2276 1414 2304 Rhenanus:
1432 2274 1596 2311 impellitur
1610 2277 1702 2302 Habt
1761 2277 1794 2302 17
1810 2274 1909 2311 mixti]
1925 2273 2006 2302 misti
2021 2276 2047 2307 b,
2063 2274 2095 2301 in
2106 2276 2133 2301 n

217 2312 284 2339 add.
297 2312 328 2339 in
342 2312 473 2348 maryine
487 2311 586 2340 mixto.
645 2312 774 2350 laetitia]
790 2312 910 2341 laeticia
926 2316 951 2340 Η
968 2323 1002 2341 m.
1012 2323 1056 2349 pr.
1069 2323 1087 2340 a
1146 2313 1327 2350 attollerent]
1345 2313 1526 2342 adtollerant
1536 2315 1562 2340 11
1572 2322 1600 2341 m
1618 2322 1674 2348 pr„
1685 2312 1865 2341 adtollerent
1875 2322 1892 2339 a
1952 2315 1986 2340 18
2002 2321 2037 2340 ac
2051 2321 2132 2340 mon-

218 2349 303 2385 tium]
321 2357 355 2376 ac
374 2357 426 2376 om.
443 2351 469 2375 Η
488 2358 523 2376 m.
536 2358 582 2384 pr.
649 2349 803 2414 fluctuum]
819 2350 940 2378 fluctum
956 2353 981 2377 Η
997 2360 1032 2378 m.
1045 2360 1091 2386 pr.
1167 2353 1200 2378 19
1217 2351 1467 2387 compararentur]
1484 2351 1728 2387 comperarentur
1742 2353 1768 2377 Η
1785 2359 1819 2377 m.
1831 2359 1877 2385 pr.
1951 2349 2121 2378 Brittannos

217 2386 369 2414 britannos
389 2388 415 2413 11
433 2395 469 2413 m.
485 2395 535 2414 sec.
557 2389 637 2415 abt?
695 2391 728 2415 21
752 2387 793 2415 Ca
806 2387 950 2425 idoniam]
971 2388 1158 2424 calydoniam
1179 2391 1204 2415 Β
1262 2388 1433 2425 incolentes]
1455 2388 1610 2417 incolentis
1630 2391 1657 2415 11
1675 2397 1712 2416 m.
1725 2397 1771 2423 pr.
1788 2390 1828 2415 ab
1886 2395 1993 2424 magno
2013 2388 2120 2423 paratu

218 2443 326 2477 paratu
345 2450 453 2478 magno
474 2444 512 2469 ab
590 2447 624 2470 22
646 2443 835 2480 Oppugnare]
858 2453 1030 2481 oppugnase
1051 2447 1077 2471 Η
1097 2454 1132 2472 m.
1144 2454 1202 2480 pr„
1223 2453 1410 2481 oppugnasse
1430 2448 1489 2472 abt
1571 2444 1740 2482 castellum]
1761 2432 1942 2478 metellina,
1963 2443 2087 2472 castella
2106 2446 2133 2478 b,

219 2480 251 2507 in
270 2482 315 2506 112
334 2479 403 2507 add.
419 2480 450 2507 in
469 2481 598 2516 maryine
618 2481 741 2508 castella
829 2485 863 2509 23
884 2483 914 2509 et
934 2482 1110 2519 cedendum]
1132 2482 1330 2510 excedendum
1351 2485 1385 2518 Β,
1406 2484 1439 2511 in
1461 2484 1589 2519 maryine
1606 2492 1662 2519 pro
1682 2491 1718 2510 ex
1738 2491 1811 2510 aser.
1828 2481 1860 2515 81,
1882 2482 1913 2509 et
1932 2481 2133 2510 excedendum

218 2519 258 2544 ab
297 2554 302 2559 ι
336 2519 371 2544 24
392 2517 571 2555 agminibus]
592 2518 756 2546 acminibus
776 2521 802 2546 Η
822 2528 857 2547 m.
870 2529 916 2555 pr.
994 2520 1177 2557 inrupturos]
1198 2520 1362 2556 irrupturos
1382 2523 1442 2548 abt
1523 2523 1558 2549 25
1578 2520 1651 2558 tres]
1671 2520 1725 2548 tris
1745 2522 1763 2547 b
1848 2522 1883 2547 26
1905 2519 2069 2557 cognitum]
2089 2519 2133 2547 in—

219 2556 370 2590 cognitum
385 2556 419 2588 Β,
434 2555 490 2583 sed.
506 2565 540 2583 m.
557 2564 608 2584 sec.
624 2557 676 2585 del.
694 2556 732 2585 in.
793 2560 826 2584 27
848 2559 933 2585 nocte
949 2557 1094 2595 adgressi]
1110 2559 1196 2586 nocte
1212 2558 1323 2594 agressi
1343 2561 1360 2585 b
1419 2559 1566 2596 inrupere]
1584 2559 1715 2595 irrupere
1735 2560 1761 2592 b,
1781 2559 1899 2595 irumpe
1919 2567 1937 2585 a
1994 2560 2030 2586 29
2050 2557 2133 2594 pedi—

219 2592 351 2628 tumque]
373 2601 429 2626 que
449 2601 501 2620 om.
518 2595 544 2619 11
563 2602 598 2621 m.
610 2603 668 2629 pr„
689 2595 756 2621 add.
775 2604 808 2622 m.
825 2603 877 2622 rec.
947 2597 982 2622 30
1003 2595 1160 2631 Brittanni]
1183 2595 1316 2623 Britanni
1331 2598 1358 2622 Η
1375 2605 1408 2623 m.
1425 2605 1475 2624 aec.
1497 2599 1572 2629 at?,
1593 2595 1740 2624 Britannii
1760 2598 1777 2623 b
1835 2595 1958 2623 nonanis
1991 2595 2132 2623 Romanis

219 2631 245 2655 Η
260 2637 295 2656 ex
309 2637 380 2656 corr.
398 2638 430 2656 m.
448 2638 499 2657 rec.
516 2632 556 2656 ab
614 2634 649 2658 32
665 2631 829 2667 portarum]
845 2633 996 2666 partarum
1011 2635 1038 2658 11
1053 2641 1088 2659 m.
1102 2641 1147 2667 pr.
1207 2632 1365 2669 angustiis]
1381 2633 1516 2669 angustis
1531 2635 1557 2659 11
1574 2642 1608 2660 m.
1620 2642 1667 2669 pr.
1727 2632 1886 2670 proelium]
1902 2640 1954 2670 pre
1967 2632 2029 2660 ium
2045 2634 2085 2659 ab

219 2666 332 2703 hostes]
353 2665 445 2694 hostis
465 2669 499 2702 Η,
519 2667 568 2694 sed
587 2669 619 2696 in
639 2670 769 2704 maryine
789 2669 856 2697 add.
874 2668 972 2697 hostes
1058 2671 1092 2697 ut
1112 2669 1229 2707 tulisse]
1249 2669 1385 2698 intulisse
1405 2673 1431 2698 H
1449 2680 1486 2699 m.
1502 2679 1554 2698 rec.
1571 2673 1631 2698 abt
1715 2673 1750 2698 33
1771 2670 1927 2708 texissent]
1951 2669 2096 2699 rexissent
2115 2671 2132 2697 b
