2350 2946
167 699 204 726 ia

167 1167 202 1195 14

163 1586 200 1612 15

217 97 236 129 8
827 93 1005 124 CORNELII
1025 93 1150 123 TACITI
1170 91 1385 123 AGRICOLAE
1407 93 1514 119 12—15
1893 88 1982 114 ABG!
2001 87 2011 123 fl
2031 88 2121 113 Eabt

334 181 472 215 Caelum
499 182 626 215 crebris
651 181 817 215 imbribus
841 193 880 214 ac
904 181 1036 215 nebulis
1060 181 1207 222 foedum,
1231 178 1393 223 asperitas
1417 177 1582 221 frigorum
1602 175 1707 208 abest.
1742 174 1880 208 Dierum
1902 172 2011 226 spatia
2024 171 2122 226 ‘ultra

216 228 323 262 nostri
359 228 452 262 orbis
487 241 688 272 mensuram,
717 240 785 263 nox
814 228 905 262 clara
934 231 968 261 et
996 230 1144 261 extrema
1173 225 1358 260 Brittaniae
1387 226 1483 268 parte
1512 222 1633 265 brevis,
1662 224 1701 255 ut
1729 221 1831 254 finem
1857 222 1961 264 atque
1984 221 2120 272 initium

216 275 302 308 lucis
332 276 456 320 exiguo
487 276 680 309 discrimine
710 277 925 309 intemoscas.
975 274 1071 314 Quod
1100 274 1129 306 si
1158 273 1263 305 nubes
1293 283 1361 305 non
1391 270 1552 313 officiant,
1577 268 1683 312 aspici
1707 280 1769 312 per
1792 269 1926 301 noctem
1951 266 2033 300 solis
2058 265 2121 299 ful-

216 334 344 367 gorem,
377 334 439 356 nec
474 323 625 357 occidere
659 325 693 356 et
725 334 897 367 exurgere,
930 322 987 355 sed
1021 320 1162 354 transire
1192 319 1370 353 affirmant.
1419 316 1555 350 Scilicet
1584 317 1733 349 extrema
1761 316 1795 348 et
1823 313 1925 359 plana
1953 315 2120 347 terrarum

218 369 338 402 humili
363 369 485 403 umbra
508 381 577 403 non
603 370 740 414 erigunt
764 369 927 412 tenebras,
952 368 1104 411 infraque
1129 367 1256 399 caelum
1282 367 1315 398 et
1339 364 1447 397 sidera
1471 374 1538 396 nox
1564 361 1661 395 cadit.
1707 360 1825 395 Solum
1850 362 1985 413 praeter
2009 359 2121 394 oleum

220 416 388 460 vitemque
414 418 448 449 et
473 419 582 450 cetera
607 415 823 450 calidioribus
848 415 946 448 terris
971 414 1050 448 oriri
1076 416 1171 447 sueta
1195 413 1324 456 patiens
1349 410 1485 454 frugum
1510 408 1767 461 fecundumque.
1807 407 1914 441 Tarde
1939 408 2123 460 mitescunt

219 464 286 497 cito
311 463 524 507 proveniunt,
547 463 732 507 eademque
757 463 932 506 utriusque
956 461 1004 494 rei
1030 472 1138 504 causa,
1163 459 1289 493 multus
1314 469 1411 491 umor
1439 459 1605 490 terrarum
1636 454 1795 498 caelique.
1844 453 1924 508 Fert
1953 453 2123 488 Brittania

219 522 338 543 aurum
369 512 403 543 et
433 513 609 554 argentum
641 512 674 542 et
704 510 769 542 alia
798 508 944 551 metalla,
972 508 1117 551 pretium
1148 506 1315 539 victoriae.
1365 503 1482 547 Gignit
1507 505 1541 535 et
1566 501 1720 536 Oceanus
1746 503 1949 554 margarita&
1963 500 2022 553 sed
2047 501 2123 534 snb-

219 557 315 590 fusca
349 568 388 590 ac
419 556 566 589 liventia.
617 555 759 595 Quidam
795 557 898 588 artem
933 554 1048 587 abesse
1082 552 1274 597 legentibus
1304 550 1525 583 arbitrantur:
1555 560 1633 582 nam
1665 548 1701 582 in
1730 547 1834 581 rubro
1865 559 1951 581 mari
1981 559 2058 581 viva
2082 559 2123 582 ac

220 602 382 646 spirantia
407 602 496 636 saxis
525 602 634 644 avelli,
665 602 698 634 in
723 601 899 643 Brittania,
923 602 1025 644 prout
1049 598 1185 642 expulsa
1210 598 1287 639 sint,
1312 596 1435 640 colligi.
1480 595 1554 639 Ego
1584 594 1718 628 facilius
1746 593 1944 628 crediderim
1965 595 2121 628 naturam
2138 607 2165 628 10

222 649 413 694 margaritis
438 648 552 682 deesse
578 660 679 692 quam
704 648 802 682 nobis
828 647 1011 681 avaritiam.
2019 688 2025 695 ·
2074 688 2080 695 ·

336 695 405 741 Ipsi
438 695 607 729 Brittanni
641 695 798 728 dilectum
828 706 865 727 ac
894 694 1020 727 tributa
1049 696 1082 726 et
1112 692 1261 725 iniuncta
1289 690 1422 735 imperii
1454 689 1569 723 munia
1593 689 1737 734 impigre
1763 689 1900 733 obeunt,
1926 689 1954 722 si
1978 690 2122 722 imuriae

220 744 346 777 absint:
370 744 431 776 has
457 755 556 787 aegre
581 742 735 785 tolerant,
759 743 826 775 iam
852 742 980 784 domiti,
1005 743 1043 774 ut
1067 742 1215 784 pareant,
1239 738 1397 781 nondum,
1423 740 1461 770 ut
1485 738 1642 771 serviant.

336 789 445 833 Igitur
470 789 599 832 primus
625 789 774 821 omnium
800 788 1026 820 Romanorum
1046 786 1153 818 Divus
1173 785 1279 818 Iulius
1305 796 1380 817 cum
1407 785 1554 817 exercitu
1575 783 1780 816 Brittaniam
1802 783 1982 828 ingressus,
2008 795 2122 826 quam-

221 848 321 881 quam
345 847 507 881 prospera
530 847 645 881 pugna
669 834 826 870 terruerit
851 834 976 869 incolas
1001 844 1038 868 ac
1062 833 1160 867 litore
1185 832 1314 877 potitus
1339 831 1394 885 sit,
1414 832 1526 885 potest
1546 829 1653 865 videri
1673 829 1861 865 ostendisse
1880 830 2035 876 posteris,
2054 842 2124 865 non
2139 844 2164 866 ιι

220 883 405 917 tradidisse.
454 883 532 916 Mox
558 882 646 916 bella
671 882 783 916 civilia
807 884 840 914 et
866 883 898 914 in
926 893 993 914 rem
1020 880 1188 924 publicam
1214 891 1309 912 versa
1334 890 1525 922 principum
1556 890 1659 920 arma,
1691 889 1730 911 ac
1753 878 1858 921 longa
1882 877 2009 911 oblivio
2034 877 2123 912 Brit-

220 930 330 963 taniae
365 929 463 963 etiam
499 929 531 961 in
567 940 661 973 pace:
695 928 872 962 consilium
908 927 939 960 id
972 926 1078 960 Divus
1109 926 1283 971 Augustus
1316 925 1468 969 vocabat,
1497 925 1654 959 Tiberius
1689 926 1916 969 praeceptum.
1965 924 2123 970 Agitasse

222 977 338 1010 Gaium
374 975 547 1010 Caesarem
583 976 623 1009 de
657 975 811 1008 intranda
846 974 1010 1008 Brittania
1043 973 1124 1007 satis
1155 975 1298 1016 constat,
1328 973 1361 1005 ni
1393 973 1491 1006 velox
1517 972 1654 1017 ingenio
1686 971 1803 1005 mobili
1833 972 2059 1016 paenitentiae
2089 974 2123 1006 et

222 1024 373 1068 ingentes
408 1022 566 1056 adversus
602 1021 810 1056 Germaniam
848 1024 987 1055 conatus
1021 1021 1144 1054 frustra
1177 1020 1329 1054 fuissent.
1380 1019 1488 1054 Divus
1519 1019 1680 1053 Claudius
1715 1021 1834 1053 auctor
1866 1019 1976 1053 iterati
2011 1020 2123 1064 operis

221 1066 418 1103 transvectis
442 1070 634 1114 legionibus
660 1069 859 1111 auxiliisque
884 1071 917 1100 et
941 1069 1118 1111 adsumpto
1144 1068 1179 1100 in
1204 1069 1334 1110 partem
1360 1079 1470 1099 rerum
1492 1067 1712 1110 Vespasiano,
1737 1067 1828 1109 quod
1849 1067 1983 1099 initium
2007 1069 2123 1099 ventu-

220 1128 274 1150 rae
300 1127 377 1149 mox
402 1116 556 1149 fortunae
581 1115 659 1148 fuit:
685 1115 828 1149 domitae
853 1116 980 1159 gentes,
1005 1115 1094 1158 capti
1118 1125 1213 1159 reges
1239 1116 1272 1147 et
1297 1115 1505 1147 monstratus
1531 1113 1610 1147 fatis
1635 1112 1873 1157 Vespasianus.

339 1162 571 1196 Consularium
598 1162 726 1205 primus
745 1161 853 1195 Aulus
874 1161 1027 1194 Plautius
1052 1161 1263 1204 praepositus
1288 1172 1327 1193 ac
1353 1160 1494 1194 subinde
1515 1160 1672 1194 Ostorius
1692 1159 1847 1203 Scapula,
1871 1162 2014 1203 uterque
2035 1160 2123 1194 bello

220 1209 384 1254 egregius,
418 1209 617 1252 redactaque
652 1208 814 1251 paulatim
850 1208 883 1240 in
915 1209 1057 1241 formam
1093 1208 1285 1251 provinciae
1322 1207 1476 1250 proxima
1510 1219 1588 1250 pars
1619 1206 1806 1240 Brittaniae
1838 1206 1953 1240 addita
1987 1207 2123 1251 insuper

220 1258 453 1289 veteranorum
478 1255 616 1289 colonia.
667 1254 835 1295 Quaedam
862 1254 1014 1289 civitates
1042 1254 1254 1299 Cogidumno
1279 1253 1351 1299 regi
1377 1254 1521 1288 donatae
1547 1253 1591 1293 (is
1617 1253 1658 1288 ad
1682 1256 1833 1288 nostram
1865 1264 1970 1297 usque
2000 1266 2122 1288 memo>

220 1303 301 1335 riam
332 1303 512 1335 fidissimus
542 1300 689 1346 mansit),
718 1304 755 1334 ut
786 1304 894 1334 vetere
924 1313 962 1335 ac
986 1301 1052 1334 iam
1083 1301 1213 1345 pridem
1241 1304 1377 1345 recepta
1401 1301 1520 1345 populi
1546 1300 1692 1334 Romani
1717 1301 1960 1334 consuetudine
1985 1300 2125 1334 haberet

220 1350 440 1383 instrumenta
465 1349 635 1382 servitutis
660 1351 693 1381 et
717 1359 821 1392 reges.
860 1348 940 1381 Mox
966 1348 1087 1382 Didius
1114 1347 1231 1382 Gallus
1258 1351 1354 1392 parta
1379 1361 1399 1381 a
1423 1348 1594 1391 prioribus
1616 1348 1785 1382 continuit
1805 1348 1922 1391 paucis
1942 1348 2122 1381 admodum

218 1396 364 1429 castellis
396 1397 429 1428 in
458 1396 617 1428 ulteriora
645 1396 820 1438 promotis,
849 1407 908 1438 per
938 1407 1023 1438 quae
1052 1395 1143 1428 fama
1173 1396 1263 1428 aucti
1295 1395 1401 1429 officii
1432 1397 1658 1438 quaereretur.
1708 1394 1846 1427 Didium
1873 1394 2040 1427 Veranius
2070 1407 2122 1428 ex-

219 1443 315 1486 cepit,
344 1442 439 1485 isque
469 1443 557 1475 intra
585 1454 708 1475 annum
739 1442 907 1476 extinctus
938 1444 996 1475 est.
1047 1441 1229 1475 Suetonius
1259 1442 1339 1475 hinc
1368 1441 1531 1475 Paulinus
1562 1441 1698 1475 biennio
1723 1453 1901 1485 prorperas
1927 1453 1979 1475 res
2004 1441 2124 1475 habuit

217 1489 365 1522 subactis
395 1489 586 1521 nationibus
616 1489 823 1532 firmatisque
852 1489 1036 1533 praesidiis.
1087 1488 1238 1529 Quorum
1269 1489 1393 1522 fiducia
1422 1488 1559 1522 Monam
1591 1489 1735 1522 insulam
1767 1491 1804 1521 ut
1829 1488 1916 1522 vires
1941 1488 2123 1522 rebellibus

218 1537 461 1568 ministrantem
486 1536 661 1579 adgressus
685 1538 780 1579 terga
805 1536 973 1569 occasioni
999 1536 1169 1579 patefecit.

335 1581 490 1625 Namque
520 1582 670 1614 absentia
693 1583 796 1626 legati
822 1585 951 1615 remoto
982 1585 1075 1616 metu
1104 1582 1272 1615 Brittanni
1305 1583 1432 1627 agitare
1462 1583 1550 1615 inter
1580 1594 1615 1615 se
1646 1582 1733 1615 mala
1764 1583 1946 1624 servitutis,
1972 1583 2124 1616 conferre

218 1630 356 1662 iniurias
386 1632 420 1662 et
448 1629 699 1672 interpretando
730 1629 920 1662 accendere:
951 1630 1037 1663 nihil
1068 1630 1185 1673 profici
1216 1629 1391 1673 patientia,
1416 1629 1479 1662 nisi
1508 1632 1546 1662 ut
1575 1630 1733 1673 graviora
1762 1632 1933 1673 tamquam
1967 1641 2007 1662 ex
2032 1630 2123 1663 facili

217 1675 437 1709 tolerantibus
464 1676 675 1719 imperentur.
725 1675 883 1721 Singulos
914 1676 976 1709 sibi
1005 1676 1084 1710 olim
1113 1687 1209 1721 reges
1234 1675 1349 1719 fuisse,
1374 1688 1463 1709 nunc
1489 1675 1587 1710 binos
1618 1676 1746 1720 inponi,
1771 1687 1811 1709 ex
1843 1675 1965 1720 quibus
1991 1675 2123 1721 legatus

328 1765 341 1787 1
360 1760 490 1796 Caelum]
511 1760 629 1787 Coelum
650 1763 673 1787 A
748 1761 905 1797 imbribus]
916 1761 1090 1795 hymbribus
1101 1764 1124 1787 A
1197 1761 1294 1797 abest]
1310 1763 1355 1788 est
1365 1763 1386 1787 Β
1465 1765 1480 1787 2
1496 1760 1675 1797 Brittaniae]
1691 1760 1873 1788 brittanniae
1889 1764 1941 1794 ΘΤ,
1958 1761 2124 1789 britanniae

216 1799 268 1830 AB,
284 1799 315 1825 in
332 1799 352 1823 Β
373 1797 541 1824 Britanniae
556 1797 691 1825 collocata
706 1801 745 1825 est
756 1801 822 1833 post
836 1799 1025 1833 insequentem
1044 1806 1132 1826 vocem
1150 1800 1233 1834 parte
1297 1797 1428 1834 initium]
1444 1797 1566 1825 inicium
1582 1800 1605 1824 A
1668 1800 1685 1825 4
1701 1798 1731 1825 et
1745 1798 1899 1835 exurgere]
1915 1806 1968 1825 nec
1984 1806 2124 1834 exurgere

215 1855 235 1880 Β
294 1853 452 1890 affirmant]
473 1853 630 1881 adfirmant
649 1856 670 1881 B
761 1858 777 1882 5
793 1854 910 1891 humili]
932 1863 989 1889 non
1010 1854 1115 1882 humili
1137 1857 1158 1882 G
1246 1854 1372 1891 caelum]
1394 1854 1508 1882 coelum
1529 1857 1551 1881 Δ
1629 1855 1671 1892 et]
1693 1837 1726 1890 &fc
1747 1856 1770 1881 A
1880 1854 1990 1892 sidera]
2018 1854 2123 1890 sydera

215 1893 260 1918 AB
327 1894 342 1919 6
358 1891 573 1927 fecundumque
588 1893 702 1928 scripsi:
719 1892 933 1929 pecudumque,
949 1893 996 1921 sed
1012 1894 1044 1921 in
1060 1894 1189 1931 maryiue
1204 1893 1272 1922 add.
1288 1893 1395 1921 feci‘idi‘i
1412 1896 1464 1927 GT,
1481 1893 1659 1921 foecundum
1674 1895 1707 1928 Δ,
1722 1893 1881 1922 fecundum
1897 1895 1918 1920 B
1991 1896 2006 1921 7
2027 1902 2111 1922 umor

215 1929 318 1956 humor
337 1932 427 1956 uer
494 1931 648 1965 terrarum]
669 1933 871 1966 terrarumque
891 1933 912 1957 B
980 1931 1127 1967 caelique]
1148 1931 1282 1966 coelique
1303 1934 1326 1957 A
1402 1930 1563 1967 Brittania]
1585 1931 1737 1958 britannia
1756 1933 1867 1958 uer?
1944 1936 1960 1957 e·
1981 1931 2110 1967 pretium

214 1966 343 2000 precium
363 1969 395 2000 A,
420 1966 547 2003 pretium
568 1969 588 1993 B
666 1968 816 2004 victoriae]
842 1968 968 1995 uictoria
988 1971 1009 1995 B
1096 1968 1243 2005 Oceanus]
1263 1976 1408 1996 occeanus
1429 1971 1451 1995 G
1528 1968 1691 2034 subfuscaL
1700 1968 1812 1996 suffusa
1831 1970 1861 2002 B,
1888 1969 1918 1995 in
1938 1970 1982 1995 (³1¹
2001 1968 2069 1996 add.
2091 1970 2121 1996 in

214 2005 342 2041 maryine
363 2004 484 2032 subfusa
561 2008 576 2032 9
596 2004 731 2042 liventia]
751 2005 864 2033 liuenta
885 2008 905 2033 Β
983 2006 1123 2043 Quidam]
1144 2006 1263 2034 cuidam
1283 2009 1305 2033 G
1327 2016 1361 2034 m.
1373 2008 1461 2042 prim.
1540 2007 1634 2034 artem
1654 2015 1672 2034 a
1693 2006 1769 2044 esse]
1791 2005 1893 2034 abesse
1914 2007 2007 2034 artem
2027 2009 2048 2033 ¹1·

216 2045 249 2069 10
270 2041 428 2079 Brittania]
450 2042 611 2070 brittannia
632 2046 711 2077 σιτί’,
732 2043 880 2071 britannia
903 2046 948 2071 ΔΒ
1028 2047 1061 2071 12
1082 2044 1245 2081 Brittanni]
1266 2044 1397 2072 britanni
1418 2046 1463 2071 ΔΒ
1541 2043 1684 2072 dilectum
1705 2047 1727 2072 G
1746 2054 1782 2072 m.
1798 2053 1864 2072 sea:
1885 2043 2034 2072 delectum
2054 2046 2123 2071 ABG

214 2089 247 2106 m.
260 2089 306 2115 pr.
323 2082 343 2106 'r
410 2080 538 2117 imperii]
558 2080 674 2116 imperii
694 2083 794 2115 munia
816 2084 845 2114 G,
867 2083 918 2117 ιμιί
936 2082 982 2108 hie
1002 2083 1107 2109 ‹las-init
1174 2081 1276 2109 munia
1295 2084 1352 2108 nt:
1374 2090 1497 2109 munera
1517 2084 1558 2109 ab
1637 2084 1671 2109 13
1692 2081 1834 2118 tolerant]
1854 2080 1994 2109 tollerant
2014 2086 2049 2109 at

216 2119 248 2143 14
269 2117 393 2153 primus]
418 2118 542 2152 primum
563 2120 589 2144 Η
610 2127 642 2146 m.
655 2127 702 2154 pr.
791 2118 981 2155 Brittaniam]
1006 2119 1187 2146 britanniam
1208 2121 1298 2146 Habt
1386 2122 1420 2146 15
1445 2119 1597 2156 terruerit]
1622 2119 1782 2147 terruerint
1801 2123 1814 2146 t
1899 2118 2000 2155 litore]
2024 2118 2123 2147 littore

213 2159 247 2181 at
326 2157 358 2182 16
379 2154 556 2192 Brittaniae]
582 2155 747 2184 britanniae
768 2158 859 2184 Habt
937 2159 970 2184 17
991 2156 1096 2193 etiam]
1116 2156 1175 2184 iam
1196 2159 1213 2183 b
1282 2157 1446 2194 Augustus]
1467 2157 1591 2193 agustus
1611 2159 1637 2183 Η
1704 2155 1852 2193 Tiberius]
1873 2155 2017 2192 Tyberius
2037 2161 2050 2184 t

213 2193 403 2228 praeceptum
418 2195 444 2219 Η
459 2202 494 2220 m.
510 2202 560 2221 sec.
578 2193 607 2220 in
624 2194 763 2230 maraine,
779 2204 796 2221 a
813 2196 843 2221 in
859 2195 1002 2230 murqine:
1024 2194 1183 2230 praecipue
1199 2197 1233 2228 Β,
1249 2194 1389 2230 precipue
1405 2204 1431 2228 a,
1447 2194 1589 2231 praecipu
1605 2199 1617 2222 t
1627 2199 1653 2230 ἱ),
1669 2195 1810 2238 precepti]
1829 2193 1855 2222 .i.
1872 2196 1888 2221 b
1950 2197 1982 2221 18
2004 2194 2124 2232 Gaium]

211 2229 231 2256 C
256 2235 276 2262 t,
299 2229 398 2257 Caium
420 2233 459 2256 ab
547 2231 705 2267 Brittania]
726 2231 891 2259 brittannia
911 2235 936 2258 Η
958 2241 992 2259 m.
1007 2241 1058 2259 sec.
1076 2236 1125 2265 Π,
1147 2231 1302 2259 Britannia
1321 2235 1361 2259 ab
1452 2232 1586 2269 ingenio]
1607 2232 1719 2268 ingenii
1740 2235 1756 2259 b
1839 2231 1955 2268 mobili]
1975 2231 2079 2259 monili
2098 2234 2124 2259 Η

212 2276 247 2294 m.
260 2276 316 2302 pn,
336 2267 454 2294 mobilis
475 2270 491 2294 b
584 2270 617 2295 19
643 2271 745 2296 auctor
770 2268 868 2296 iterati
891 2269 1021 2296 Wexius:
1048 2269 1226 2296 auctoritate
1246 2271 1308 2302 Hb,
1335 2271 1438 2297 auctor
1458 2274 1483 2303 t,
1504 2269 1664 2297 autoritate
1685 2279 1703 2296 a
1794 2272 1829 2296 20
1850 2268 1969 2296 initium
2001 2269 2123 2296 inicium

213 2307 238 2331 Η
257 2314 291 2332 m.
306 2313 350 2340 pr.
448 2308 480 2332 21
504 2305 632 2333 domitae
654 2307 849 2334 Puteolanus:
872 2306 1014 2334 ‹lomitiae
1034 2309 1116 2340 nab,
1137 2306 1259 2339 domitie
1280 2312 1292 2334 t
1368 2307 1485 2344 gentes]
1506 2307 1604 2343 gentis
1625 2309 1651 2334 Η
1670 2316 1706 2335 m.
1718 2316 1765 2343 pr.
1788 2317 1805 2333 ι
1825 2309 1841 2333 b
1919 2310 1954 2334 22
1999 2306 2123 2343 lautius]

215 2341 346 2369 Plautius
367 2344 420 2374 ab,
441 2342 578 2369 Plancius
599 2352 616 2369 a
637 2344 667 2370 in
687 2344 818 2380 nzarqine
901 2344 1037 2380 uterque]
1059 2345 1170 2372 litterae
1189 2345 1218 2371 te
1238 2344 1271 2371 in
1291 2347 1317 2371 Η
1338 2345 1369 2371 in
1388 2354 1445 2372 ras.
1534 2347 1569 2372 23
1590 2344 1741 2382 egregius]
1761 2343 1918 2381 aegregius
1938 2347 1964 2371 Η
2058 2353 2121 2380 pro-

214 2379 339 2416 vinciae]
359 2379 507 2417 prouintie
528 2389 545 2407 a
602 2379 781 2418 Brittaniae]
802 2380 962 2409 brittaniae
983 2385 1032 2415 τὶ),
1052 2381 1220 2409 britanniae
1241 2383 1280 2409 ab
1349 2385 1383 2410 24
1405 2381 1552 2419 civitates]
1574 2381 1707 2411 ciuitatis
1727 2385 1754 2410 11
1773 2391 1800 2411 m
1821 2391 1868 2418 pr.
1927 2380 2123 2419 Cogidumno]

214 2416 399 2453 Togidumno
419 2420 444 2443 H
465 2427 498 2444 m.
516 2426 565 2445 sec,
583 2418 649 2445 add.
668 2419 698 2444 in
717 2420 857 2454 maryine,
878 2418 1045 2454 cogidunno
1066 2422 1082 2445 b
1165 2422 1200 2446 25
1221 2419 1350 2455 mansit),
1371 2420 1404 2446 ut
1425 2421 1531 2456 vetere]
1554 2421 1665 2448 litterae
1690 2420 1730 2447 sit
1753 2420 1787 2447 ut
1802 2428 1839 2447 ue
1854 2421 1888 2447 in
1902 2422 1929 2446 11
1943 2420 1976 2447 in
1990 2428 2048 2448 ras.

214 2457 250 2482 26
271 2454 313 2490 et]
333 2463 386 2493 om.
401 2456 418 2480 b
495 2463 580 2490 reges
602 2456 772 2483 Rhenanus:
794 2456 872 2490 regis
893 2458 983 2482 Habt
1068 2457 1151 2490 parta
1175 2465 1193 2483 a
1212 2456 1371 2492 prioribus]
1394 2458 1482 2492 parta
1500 2457 1598 2492 priore
1618 2460 1644 2484 11
1663 2467 1699 2485 m.
1715 2467 1767 2486 sec.
1783 2457 1851 2485 add.
1867 2458 1900 2484 in
1920 2458 2050 2494 maryine

214 2494 246 2518 27
269 2491 357 2529 quae]
378 2499 434 2527 que
454 2494 480 2519 Η
499 2501 534 2520 m.
550 2502 592 2528 pr.
686 2492 788 2530 officii]
810 2493 889 2521 offici
910 2495 935 2520 11
956 2502 990 2521 m.
1006 2504 1056 2522 see.
1164 2496 1199 2522 28
1224 2493 1384 2532 extinctus]
1409 2494 1539 2523 extintus
1559 2497 1585 2522 Η
1696 2498 1731 2523 29
1757 2495 1890 2531 Monam]
1915 2493 2013 2523 Nomii.
2031 2497 2047 2522 b

214 2551 249 2576 30
270 2548 429 2590 occasioni]
450 2549 617 2577 occansioni
637 2553 663 2577 Η
740 2554 773 2578 31
795 2549 944 2586 Namque]
964 2549 1089 2586 Nanque
1109 2553 1125 2577 b
1203 2550 1364 2590 Brittanni]
1385 2551 1530 2579 brittania
1549 2554 1575 2579 Η
1594 2561 1631 2580 m.
1644 2562 1700 2588 pr„
1721 2534 1862 2581 britta¹ifia
1882 2555 1908 2579 Π
1927 2561 1962 2580 m.
1978 2561 2041 2586 sea,
2061 2552 2124 2580 Bri-

214 2587 298 2629 tanni
318 2588 377 2629 ..Μ
462 2586 606 2629 conferre]
628 2587 769 2615 comferre
789 2588 833 2614 nt
925 2590 959 2615 32
980 2587 1216 2625 interpretando]
1237 2587 1315 2616 inter
1334 2597 1404 2625 prae
1425 2589 1518 2617 tando
1537 2591 1591 2624 nt,
1610 2589 1835 2627 interpretando
1855 2592 1873 2617 b
1964 2589 2124 2627 patientia]

215 2625 361 2659 pacientia
382 2633 406 2652 a.
429 2625 576 2660 sapientia
596 2628 613 2651 b
701 2627 735 2652 33
755 2624 966 2663 tolerantibus]
987 2625 1194 2653 tollerantibus
1215 2631 1250 2652 at
1327 2626 1521 2664 imperentur]
1541 2627 1704 2663 imperatur
1723 2631 1740 2655 b
1826 2637 1858 2655 ex
1880 2627 1987 2664 quibus
2007 2628 2123 2664 eor-ipsi:

2139 1081 2166 1100 20

2140 1316 2166 1336 25

2139 1550 2167 1570 ³0

2142 2083 2153 2119 1¹
