2312 3005
203 141 293 168 ABGT
809 141 989 171 CORNELII
1007 142 1134 172 TAOITI
1152 142 1368 172 AGRICOLAE
1390 145 1499 172 10-12
2088 141 2106 175 ἰ’

319 226 507 262 Brittaniae
536 228 639 261 situm
668 229 879 274 populosque
908 230 1025 264 multis
1051 230 1271 275 scriptoribus
1298 232 1501 264 memoratos
1526 242 1596 264 non
1624 230 1661 263 in
1690 229 1977 273 comparationem
2010 241 2110 263 curae
2127 232 2168 261 10

202 274 372 321 ingeniive
403 275 556 320 referam,
591 275 648 310 sed
682 277 761 321 quia
795 279 866 311 tum
902 277 1050 322 primum
1082 277 1271 322 perdomita
1305 279 1370 312 est:
1399 278 1457 321 ita,
1487 290 1572 322 quae
1602 277 1733 322 priores
1758 277 1909 311 nondum
1935 280 2111 322 comperta

202 322 395 366 eloquentia
424 323 628 368 percoluere,
658 335 768 358 rerum
798 325 864 359 fide
893 325 1076 359 tradentur
1125 325 1302 369 Brittania,
1334 325 1533 369 insularum,
1564 336 1648 369 quas
1678 324 1832 358 Romana
1863 324 1989 358 notitia
2017 336 2109 358 com-

201 369 370 413 plectitur,
400 371 555 412 maxima,
585 372 695 415 spatio
725 384 762 405 ac
792 373 885 407 caelo
915 372 951 406 in
976 373 1139 407 orientem
1165 371 1371 416 Germaniae,
1396 373 1432 406 in
1457 372 1665 406 occidentem
1692 371 1878 415 Hispaniae
1902 371 2110 414 obtenditur,

174 431 185 451 5
203 415 310 450 Gallis
335 417 370 451 in
395 417 568 452 meridiem
599 419 701 453 etiam
726 419 914 465 inspicitur,
939 419 1218 465 septentrionalia
1242 420 1314 453 eius
1339 419 1443 454 nullis
1467 421 1587 454 contra
1611 418 1711 453 terris
1741 421 1838 452 vasto
1863 420 1965 463 atque
1989 420 2108 463 aperto

201 465 285 498 mari
310 465 496 508 pulsantur.
544 466 701 500 Formam
728 468 833 500 totius
858 467 1045 501 Brittaniae
1068 467 1186 502 Livius
1210 470 1372 511 veterum,
1396 467 1523 501 Fabius
1548 466 1709 501 Rusticus
1735 467 1923 500 recentium
1952 466 2110 510 eloquen-

200 512 322 545 tissimi
347 515 502 546 auctores
526 512 693 557 oblongae
717 514 866 547 scutulae
892 514 944 547 vel
963 514 1102 557 bipenni
1122 514 1366 547 adsimulavere
1385 533 1432 538 —
1452 516 1486 547 et
1506 516 1557 547 est
1583 525 1622 546 ea
1646 514 1751 547 facies
1776 513 1863 546 citra
1888 512 2110 555 Calidoniam,

200 559 288 592 unde
313 559 404 607 etin
430 559 623 593 universum
652 560 743 593 fama
767 563 819 594 est
847 580 899 604 —,
924 562 1142 606 transgressis
1167 563 1201 594 et
1224 561 1413 594 inmensum
1439 563 1474 594 et
1497 571 1635 594 enorme
1659 559 1820 613 spatium
1834 539 2110 613 procurrentiuni

200 608 349 639 extremo
375 606 441 639 iam
466 607 565 648 litore
585 609 749 640 terrarum
770 608 865 640 velut
883 609 919 640 in
939 619 1079 641 cuneum
1102 610 1269 640 tenuatur.
1309 607 1405 640 Hanc
1425 619 1518 640 oram
1538 608 1716 640 novissimi
1736 607 1839 640 maris
1859 609 1940 639 tunc
1960 607 2109 650 primum

157 665 184 685 ιο
199 651 352 685 Romana
387 653 502 686 classis
537 654 758 686 circumvecta
792 653 937 686 insulam
977 665 1049 686 csse
1085 653 1285 686 Brittaniam
1317 653 1516 687 adfirmavit.
1565 653 1615 686 Ac
1645 653 1748 686 simul
1778 653 1970 706 incognitas
2001 652 2043 684 ad
2073 652 2108 684 id

198 702 332 744 tempus
357 700 494 745 insulas,
519 712 602 745 quas
628 699 773 735 Orcadas
798 704 930 744 vocant,
954 701 1085 735 invenit
1109 701 1314 746 domuitque.
1364 701 1525 746 Dispecta
1553 704 1606 735 est
1635 704 1669 735 et
1694 700 1812 745 Thule,
1839 701 1918 745 quia
1943 699 2108 734 hactenus

198 748 326 780 iussum
351 750 385 780 et
408 747 516 781 hiems
542 748 729 791 appetebat.
780 748 845 781 Sed
869 760 960 781 mare
979 749 1114 793 pigrum
1136 751 1170 781 et
1189 759 1290 793 grave
1311 749 1554 793 remigantibus
1574 748 1755 792 perhibent
1774 759 1817 781 ne
1837 748 1949 781 ventis
1970 748 2106 791 quidem

197 794 335 840 perinde
360 794 484 830 attolli:
510 795 619 838 credo,
645 795 735 839 quod
755 796 898 830 rariores
918 797 1027 830 terrae
1047 797 1253 840 montesque,
1273 807 1372 830 causa
1391 807 1429 831 ac
1449 796 1592 831 materia
1611 797 1862 840 tempestatum,
1883 797 1917 830 et
1936 794 2107 841 profunda

197 843 302 875 moles
337 842 489 875 continui
523 843 625 875 maris
660 843 788 875 tardius
820 843 1014 885 impellitur.
1062 842 1227 875 Naturam
1258 842 1382 876 Oceani
1416 846 1520 885 atque
1545 846 1657 876 aestus
1682 854 1793 886 neque
1817 853 1979 886 quaerere
2004 843 2106 874 huius

156 901 182 924 ιι
198 888 310 934 operis
334 890 395 933 est,
420 899 458 923 ac
482 889 581 923 multi
601 888 774 923 rettulere:
799 900 903 923 unum
924 889 1119 930 addiderim,
1138 900 1302 934 nusquam
1324 889 1426 923 latius
1447 889 1614 924 dominari
1636 900 1736 934 mare,
1757 889 1904 924 multum
1925 888 2105 923 fluminum

197 936 264 969 huc
288 938 388 979 atque
413 936 495 970 illuc
518 937 614 979 ferre,
638 948 699 968 nec
724 937 823 969 litore
847 938 946 969 tenus
971 937 1161 969 adcrescere
1186 940 1243 969 aut
1264 937 1438 976 resorberi,
1459 937 1516 969 sed
1537 938 1678 969 influere
1698 937 1834 979 penitus
1853 940 1956 979 atque
1976 937 2105 969 ambire

198 983 231 1015 et
256 982 345 1027 iugis
371 982 472 1015 etiam
498 993 537 1017 ac
562 982 733 1016 montibus
758 982 859 1016 inseri
884 982 978 1016 velut
1002 982 1036 1015 in
1063 993 1132 1015 suo.

315 1028 470 1062 Ceterum
494 1029 697 1062 Brittaniam
728 1030 786 1073 qui
815 1030 974 1063 mortales
1003 1030 1101 1063 initio
1127 1029 1299 1071 coluerint,
1324 1030 1500 1074 indigenae
1530 1042 1573 1063 an
1597 1030 1740 1073 advecti,
1765 1033 1804 1063 ut
1829 1030 1918 1063 inter
1943 1030 2105 1063 barbaros
2122 1033 2158 1062 11

197 1087 316 1119 parum
346 1077 564 1119 compertum.
613 1075 760 1108 Habitus
786 1086 966 1119 corporum
992 1075 1086 1116 varii,
1115 1078 1218 1119 atque
1243 1088 1283 1108 ex
1308 1088 1346 1108 eo
1371 1078 1580 1120 argumenta.
1629 1076 1788 1119 Namque
1817 1076 1941 1109 rutilae
1972 1075 2105 1109 Calido-

156 1136 183 1156 20
197 1122 288 1156 niam
313 1122 539 1156 habitantium
564 1133 689 1166 comae,
713 1123 829 1167 magni
852 1124 946 1156 artus
968 1122 1201 1156 Germanicam
1222 1122 1386 1168 originem
1407 1125 1616 1166 asseverant3
1641 1123 1793 1157 Silurum
1814 1123 1958 1157 colorati
1978 1122 2105 1166 vultus,

198 1169 279 1202 torti
310 1169 509 1212 plerumque
539 1169 648 1202 crines
677 1172 711 1201 et
739 1169 851 1211 posita
880 1171 998 1202 contra
1021 1169 1186 1212 Hispania
1211 1169 1355 1202 Hiberos
1384 1172 1513 1202 veteres
1539 1170 1711 1203 traiecisse
1736 1181 1859 1212 easque
1885 1170 1981 1202 sedes
2006 1181 2103 1203 occu-

193 1226 294 1260 passe
324 1215 425 1249 fidem
453 1215 596 1260 faciunt,
626 1215 770 1259 proximi
797 1214 902 1249 Gallis
927 1217 961 1249 et
984 1215 1109 1249 similes
1135 1217 1222 1258 sunt,
1252 1227 1309 1249 seu
1334 1215 1473 1249 durante
1499 1216 1641 1261 originis
1667 1216 1710 1259 vi,
1740 1227 1800 1249 seu
1826 1215 2103 1260 procurrentibus

196 1263 232 1296 in
257 1263 389 1296 diversa
412 1263 511 1296 terris
536 1263 661 1306 positio
686 1264 769 1296 caeli
794 1263 992 1306 corporibus
1015 1262 1168 1296 habitum
1194 1263 1292 1296 dedit.
1341 1262 1379 1296 In
1405 1263 1599 1297 universum
1625 1266 1739 1297 tamen
1765 1265 1958 1297 aestimanti
1985 1263 2103 1297 Gallos

196 1309 341 1343 vicinam
361 1309 504 1343 insulam
527 1320 709 1355 occupasse
729 1309 888 1343 credibile
904 1312 962 1343 est.
990 1309 1117 1343 Eorum
1133 1321 1225 1343 sacra
1241 1308 1466 1354 deprehendas
1483 1310 1825 1354 superstitionumque
1839 1310 2103 1354 persuasionem,

155 1371 181 1391 ιι
197 1369 306 1391 sermo
336 1357 426 1391 haud
455 1358 599 1391 multum
629 1357 791 1400 diversus,
821 1357 856 1391 in
886 1358 1103 1401 deposcendis
1132 1357 1289 1401 periculis
1321 1358 1435 1391 eadem
1465 1358 1604 1391 audacia
1629 1360 1672 1400 et,
1702 1358 1760 1391 ubi
1786 1358 1961 1400 advenere,
1986 1358 2021 1391 in
2048 1358 2101 1391 de-

196 1404 379 1437 trectandis
409 1404 522 1437 eadem
554 1404 710 1437 formido.
760 1403 840 1436 Plus
869 1406 983 1437 tamen
1011 1404 1153 1437 ferociae
1183 1403 1353 1437 Brittanni
1386 1405 1590 1448 praeferunt,
1624 1407 1662 1437 ut
1693 1415 1778 1447 quos
1814 1405 1965 1438 nondum
1998 1404 2102 1449 longa

196 1463 262 1495 pax
292 1450 480 1484 emollierit.
519 1449 607 1483 Nam
630 1449 744 1484 Gallos
770 1461 903 1495 quoque
933 1450 1031 1484 bellis
1059 1451 1212 1483 floruisse
1241 1451 1438 1494 accepimus,
1472 1462 1552 1484 mox
1581 1451 1727 1496 segnitia
1756 1462 1832 1484 cum
1863 1451 1935 1484 otio
1960 1451 2103 1485 intravit

196 1498 319 1531 amissa
347 1498 472 1531 virtute
496 1498 623 1541 pariter
647 1509 684 1530 ac
708 1497 873 1531 libertate.
913 1497 1009 1537 Quod
1030 1497 1283 1531 Brittannorum
1309 1498 1390 1531 olim
1416 1498 1516 1531 victis
1542 1499 1667 1531 evenit:
1692 1498 1794 1531 ceteri
1815 1501 1964 1541 manent,
1984 1499 2101 1541 quales

197 1544 285 1578 Galli
310 1545 455 1578 fuerunt.

153 1605 181 1626 ιο
311 1591 352 1625 Ιιι
365 1591 477 1636 pedite
493 1591 609 1625 robur:
626 1591 787 1635 quaedam
803 1591 955 1625 nationes
971 1594 1004 1625 et
1020 1602 1116 1625 curru
1134 1591 1348 1635 proeliantur.
1374 1590 1559 1624 Honestior
1573 1591 1701 1636 auriga,
1717 1591 1856 1625 clientes
1871 1593 2100 1637 propugnant.
2118 1596 2157 1625 12

196 1638 285 1671 Olim
320 1639 456 1682 regibus
485 1638 659 1681 parebant,
688 1650 778 1671 nunc
806 1650 867 1681 per
896 1639 1064 1681 principes
1094 1638 1297 1671 factionibus
1327 1641 1360 1670 et
1388 1638 1509 1670 studiis
1538 1638 1780 1671 distrahuntur.
1830 1638 1904 1671 Nec
1927 1638 2021 1671 aliud
2046 1639 2101 1671 ad·

194 1696 310 1719 versus
349 1684 572 1718 validissimas
605 1687 722 1730 gentes
752 1696 813 1728 pro
844 1684 941 1718 nobis
970 1684 1098 1728 utilius,
1127 1696 1227 1728 quam
1258 1684 1345 1727 quod
1378 1684 1412 1717 in
1447 1695 1625 1718 commune
1653 1695 1723 1718 non
1753 1684 1944 1718 consulunt.
1993 1687 2100 1718 Rarus

195 1732 324 1765 duabus
353 1732 502 1765 tribusve
527 1732 721 1764 civitatibus
745 1732 787 1764 ad
806 1732 1070 1774 propulsandum
1091 1743 1267 1764 commune
1286 1731 1473 1773 periculum
1493 1734 1693 1764 conventus:
1719 1732 1768 1764 ita
1787 1731 1914 1775 singuli
1934 1735 2101 1775 pugnant,

194 1778 341 1811 universi
366 1778 553 1811 vincuntur.
2052 1821 2099 1840 qu

309 1856 322 1879 1
344 1851 520 1887 Brittaniae]
541 1851 725 1879 Brittanniae
745 1854 796 1885 GT,
822 1851 992 1878 Britanniae
1012 1853 1057 1877 AB
1144 1854 1159 1877 2
1180 1851 1340 1887 ingeniive]
1365 1851 1514 1886 ingeniine
1534 1853 1555 1877 Β
1632 1850 1684 1884 ita,
1704 1852 1794 1887 quae]
1816 1851 1918 1886 itaque
1939 1854 1993 1885 GT,
2016 1847 2089 1886 itaffi

194 1896 217 1920 A
293 1897 309 1920 3
330 1893 399 1930 fide]
421 1889 479 1921 fide
498 1895 530 1927 A,
550 1894 582 1921 in
603 1895 646 1919 GT
665 1892 732 1920 add.
749 1893 781 1920 in
800 1894 929 1929 margine
948 1892 1020 1920 fides
1095 1891 1256 1929 Brittania]
1277 1892 1445 1920 Brittannia
1466 1894 1519 1927 GT,
1544 1892 1700 1920 Britannia
1719 1894 1766 1920 AB
1841 1892 1963 1930 notitia]
1984 1892 2100 1921 noticia

194 1934 218 1958 A
293 1935 309 1958 4
330 1931 361 1958 in
380 1930 534 1967 orientem]
556 1930 729 1958 morientem
749 1933 771 1957 G
847 1934 863 1958 5
883 1930 987 1967 etiam]
1007 1931 1031 1958 ἃ
1051 1932 1097 1957 ΔΒ
1161 1932 1177 1957 6
1198 1930 1363 1958 Brittaniae
1398 1930 1581 1958 Brittanniae
1601 1933 1655 1965 T?,
1682 1929 1852 1958 britanniae
1871 1932 1918 1958 ΔΒ
1997 1933 2011 1958 '1
2034 1939 2098 1959 scu-

194 1968 287 2005 tulae]
307 1968 446 2004 scupulae
465 1970 486 1995 B
544 1967 757 1995 adsimulavcre
778 1968 967 1996 Puteolanus:
989 1967 1195 1995 adsimilauere
1215 1970 1244 2000 B,
1265 1967 1365 1995 assimi
1378 1976 1466 1996 auere
1480 1970 1549 1995 AGT
1612 1966 1811 2005 Calidoniam]
1832 1967 2024 1997 Caledoniam
2044 1970 2099 2002 ΑΒ,

195 2006 379 2041 calydoniam
400 2008 422 2032 G
524 2008 541 2032 8
566 2005 595 2032 in
620 2005 800 2042 universum]
825 2005 855 2032 in
880 2014 932 2032 om.
949 2008 972 2032 A
1075 2005 1265 2040 transgressis
1290 2007 1320 2032 et
1342 2006 1458 2041 scripsi:
1483 2005 1687 2041 transgressis:
1713 2005 1766 2033 sed
1786 2007 1841 2039 AB,
1870 2005 1902 2032 in
1928 2008 1952 2032 A
1977 2006 2044 2033 add.
2067 2007 2100 2033 in

195 2044 324 2080 maryine
341 2042 384 2071 A}
403 2046 443 2071 usi
463 2043 487 2070 a
506 2042 622 2071 unifisis
640 2042 730 2076 fama,
754 2042 956 2078 transgressis:
977 2043 1007 2070 et
1025 2042 1170 2070 uniuersis
1190 2041 1270 2070 fama
1291 2042 1341 2070 sed
1362 2046 1391 2077 T,
1411 2042 1615 2079 transgressis:
1635 2042 1714 2070 unde
1734 2042 1757 2070 ὦ
1777 2042 1925 2071 uniuersis
1945 2042 2026 2071 fama
2046 2043 2099 2070 sed

195 2084 226 2116 G,
245 2082 294 2110 sed
312 2081 396 2110 verba
415 2080 494 2109 unde
514 2080 537 2108 ἅ
557 2079 703 2108 uniuersis
722 2080 803 2108 fama
822 2080 874 2108 sed
890 2081 967 2108 linea
982 2080 1095 2108 inclusa
1109 2083 1217 2108 suntet
1233 2079 1267 2108 ai'
1281 2089 1423 2116 suprascr.
1511 2080 1641 2117 enorme]
1662 2080 1776 2108 inorme
1795 2082 1850 2115 BG,
1869 2084 1984 2109 inorme
2004 2083 2028 2108 A

195 2119 337 2155 spatium]
357 2118 489 2154 spacium
508 2121 531 2144 A
607 2120 623 2144 9
643 2117 743 2154 litore]
763 2118 863 2145 littore
881 2120 950 2144 AGT
1027 2120 1061 2144 10
1082 2117 1270 2154 Brittaniam]
1292 2118 1489 2145 Brittanniam
1508 2121 1552 2144 T?
1586 2117 1769 2145 britanniam
1789 2120 1835 2145 ΔΒ
1917 2118 2099 2154 adfirmavit]

194 2156 355 2184 affirmauit
373 2158 441 2183 AGT
537 2159 569 2183 11
592 2155 734 2192 Orcadas]
755 2155 896 2183 orchadas
916 2157 960 2182 GT
1054 2154 1106 2183 Dis
1108 2155 1206 2191 pecta]
1228 2155 1300 2191 desp
1302 2156 1369 2182 ecta
1387 2157 1408 2182 Β
1504 2140 1599 2183 Thxile
1618 2155 1751 2183 Ernesti.
1777 2154 1861 2191 thyle
1880 2157 1936 2188 AG,
1962 2155 2089 2183 'Philet

194 2193 267 2229 Tyle
285 2196 307 2221 B
366 2196 400 2221 12
420 2193 544 2228 iussum]
565 2193 673 2226 iussum
694 2195 715 2220 B
772 2192 879 2229 hiems]
898 2192 1022 2235 hyemps
1041 2195 1062 2219 T
1120 2192 1292 2229 appetebat]
1308 2193 1375 2221 add.
1391 2193 1415 2228 ξι
1431 2193 1523 2227 hiems
1539 2195 1561 2219 G
1619 2195 1654 2220 13
1673 2192 1797 2228 perinde
1811 2164 1952 2222 ἴθι-θῆκαι
1973 2193 2099 2229 proinde

194 2233 284 2258 ABGT
342 2230 451 2267 attolli]
468 2230 569 2257 actolli
584 2232 605 2256 Β
665 2233 699 2257 14
715 2230 837 2266 Oceani]
853 2229 972 2257 occeani
988 2232 1010 2256 G
1062 2238 1157 2264 neque
1185 2238 1238 2256 nec
1253 2232 1273 2256 B
1329 2233 1363 2256 15
1378 2222 1531 2266 rettulere]
1546 2229 1674 2257 retulere
1689 2232 1760 2256 ABG
1817 2230 1978 2266 dominari]
1993 2230 2098 2257 danari

194 2270 249 2303 AB,
263 2268 312 2296 sed
326 2269 358 2296 in
373 2270 396 2294 A
411 2269 443 2296 in
458 2268 587 2304 margine
602 2267 686 2294 dnari
706 2268 725 2295 i.
741 2276 763 2295 e.
779 2266 925 2294 dominari
993 2269 1026 2294 16
1046 2266 1146 2303 litore]
1175 2266 1261 2294 'ttore
1276 2269 1366 2293 ABGT
1436 2266 1615 2303 adcrescere]
1638 2274 1803 2294 accrescere
1823 2269 1891 2294 m
1965 2270 2001 2295 18
2021 2267 2099 2295 Brit-

193 2324 318 2361 taniam]
333 2323 533 2351 Brittanniam
543 2327 563 2350 T
574 2327 600 2355 ἱ),
616 2323 797 2351 britanniam
812 2325 857 2350 AB
903 2322 1060 2359 coluerint]
1076 2322 1229 2350 coluerunt
1245 2325 1266 2349 G
1316 2326 1349 2350 19
1366 2321 1551 2350 Calidoniam
1570 2324 1688 2358 scripsi:
1704 2311 1892 2359 calydoniam
1911 2326 1950 2357 A,
1977 2323 2099 2359 calydo-

194 2361 273 2389 niam
289 2364 340 2395 GT,
361 2360 518 2389 Caledoma
532 2362 554 2387 B
640 2363 675 2388 ⁴20
696 2360 789 2397 artus]
814 2361 911 2388 arctus
931 2363 960 2395 T,
981 2368 1065 2388 arcus
1085 2362 1106 2387 Β
1183 2359 1400 2397 Germanicam]
1420 2368 1591 2395 germanam
1610 2362 1632 2387 Β
1723 2363 1758 2388 21
1780 2360 1927 2397 Hispania
1948 2360 2098 2389 Muretus:

193 2417 361 2454 hispaniam
372 2419 441 2445 ABG
456 2418 499 2454 (in
514 2420 537 2445 G
551 2417 618 2446 add.
630 2417 662 2445 in
676 2417 805 2454 margine
820 2416 955 2452 hiberia),
969 2416 1146 2452 hyspaniam
1162 2419 1182 2443 Τ
1239 2415 1377 2453 Hiberos]
1393 2415 1526 2452 Hyberos
1541 2419 1571 2450 Τ,
1586 2404 1704 2445 ὴίὓειὸε
1719 2419 1752 2449 A,
1768 2416 1867 2445 Iberas
1882 2418 1904 2444 Β
1970 2417 2099 2460 veteres]

194 2457 306 2484 ueteres
326 2456 442 2483 ueteres
457 2457 489 2489 A,
508 2455 557 2483 sed
571 2455 694 2483 alterum
712 2455 835 2482 ueteres
848 2455 925 2482 linea
939 2455 1019 2482 delet.
1086 2454 1256 2496 occupasse]
1272 2454 1384 2481 hitasse
1400 2456 1432 2487 A,
1447 2455 1495 2482 sed
1510 2455 1543 2482 in
1557 2455 1687 2497 nurryine
1701 2454 1769 2483 add.
1786 2463 1947 2490 occupasse
2014 2457 2051 2482 2⁴2
2071 2463 2101 2482 n

194 2493 366 2522 Rhenanus:
381 2502 436 2521 usu
451 2477 542 2520 ABGT
606 2494 641 2520 23
658 2491 840 2529 aestimanti]
856 2491 987 2530 estimati
1002 2494 1026 2518 A
1090 2494 1126 2519 24
1139 2490 1281 2528 vicinam]
1297 2491 1329 2518 in
1345 2493 1367 2518 G
1381 2491 1448 2519 add.
1465 2492 1497 2520 in
1513 2492 1642 2528 maryine
1656 2499 1783 2520 uacuam
1841 2492 2101 2528 superstitionum—

194 2541 256 2568 que
275 2531 493 2567 persuasionem
511 2532 627 2567 scripsi:
649 2530 892 2573 superstitionum
911 2529 1100 2566 persuasione
1120 2531 1210 2557 ABGT
1297 2532 1332 2557 25
1353 2529 1554 2558 detrectandis
1574 2529 1691 2567 eadem]
1710 2529 1915 2558 detractandis
1936 2538 1972 2558 ea
1992 2532 2014 2558 Β

195 2573 230 2597 26
250 2569 411 2606 Brittanni]
431 2568 562 2596 britanni
582 2570 627 2596 AB
699 2570 733 2595 2¹1
753 2567 882 2611 bellis]
873 2577 905 2595 ιιι
923 2567 1010 2596 bellis
1029 2569 1075 2594 AB
1146 2566 1220 2604 otio]
1241 2567 1305 2595 ocio
1324 2569 1370 2594 BG
1442 2570 1477 2595 28
1497 2567 1732 2605 Brittannorum]
1752 2567 1958 2596 britannorum
1978 2570 2025 2596 ΑΒ

195 2611 230 2636 30
249 2607 295 2645 Ιιι]
314 2606 357 2636 Ιιιι
378 2611 401 2635 A
415 2616 451 2635 m.
467 2616 510 2642 pr.
525 2608 571 2634 BG
637 2606 783 2641 quaedam
798 2605 945 2643 nationes]
961 2605 1097 2634 nationes
1113 2605 1259 2641 quaedam
1274 2608 1294 2632 Τ
1361 2605 1555 2643 proeliantur]
1569 2604 1735 2671 preliantur
1749 2607 1804 2639 BG,
1819 2604 1986 2642 preliantur
2001 2608 2024 2633 A

195 2648 229 2674 31
255 2645 471 2681 distrahuntur]
497 2645 650 2672 Heinsius:
679 2643 837 2672 trahuntur
860 2645 951 2671 ABGT
1047 2646 1081 2670 32
1108 2642 1223 2679 gentes]
1249 2643 1346 2679 gentis
1366 2644 1387 2670 Β
1478 2643 1648 2681 consuunt]
1673 2643 1844 2672 consultant
1863 2646 1884 2671 Τ
1904 2653 1941 2671 m.
1956 2653 2004 2680 pr.

195 2687 230 2713 33
250 2683 393 2721 tribusve]
412 2682 565 2719 tribusque
585 2682 652 2709 AGT
