2312 3005
181 151 272 176 nabe
788 148 966 177 CORNELII
987 149 1112 177 ΤΑΟΙΤῙ
1132 148 1346 177 AGRICOLAE
1367 152 1477 176 27—30
2048 146 2090 180 13

300 232 404 268 Cuius
433 233 639 268 conscientia
667 245 704 268 ac
728 235 818 269 fama
847 235 941 270 ferox
967 235 1132 270 exercitus
1156 235 1243 270 nihil
1267 235 1386 270 virtuti
1411 247 1489 270 suae
1514 235 1643 269 invium
1673 237 1708 269 et
1731 234 1973 279 penetrandam
2001 233 2088 268 Cali-
2106 235 2145 264 2⁶1

182 281 318 315 doniam
337 281 641 326 inveniendumque
661 282 795 316 tandem
815 282 1001 317 Brittaniae
1021 284 1201 317 terminum
1222 284 1383 317 continuo
1403 283 1606 328 proeliorum
1626 293 1726 317 cursu
1747 281 1944 315 fremebant
1974 280 2089 325 Atque

180 328 232 362 illi
256 328 357 362 modo
383 328 473 363 cauti
498 340 536 363 ac
560 329 728 374 sapientes
753 331 902 375 prompti
926 333 1004 375 post
1028 333 1184 364 eventum
1209 343 1249 366 ac
1274 330 1484 376 magniloqui
1514 332 1618 364 erant.
1667 329 1887 374 Iniquissima
1914 327 1996 362 haec
2020 328 2089 362 bel-

179 375 289 410 lorum
319 376 471 410 condicio
501 378 563 410 est:
593 388 754 421 prospera
783 389 899 411 omnes
931 378 995 412 sibi
1024 378 1206 421 vindicant,
1235 378 1374 411 adversa
1402 378 1461 411 uni
1491 377 1699 421 inputantur.
1749 375 1798 410 At
1822 375 1994 409 Brittanni
2019 387 2086 408 non

152 434 165 455 5
181 422 304 457 virtute
329 435 364 458 se
389 423 506 468 victos,
531 423 589 458 sed
613 424 787 459 occasione
807 426 841 459 et
860 427 931 460 arte
950 425 1044 460 ducis
1064 426 1139 470 rati,
1158 425 1244 460 nihil
1264 437 1305 459 ex
1325 425 1524 470 adrogantia
1543 424 1726 468 remittere,
1746 434 1815 468 quo
1836 422 1949 457 minus
1974 422 2088 457 iuven-

178 472 286 504 tutem
307 473 484 514 armarent,
503 472 663 515 coniuges
683 483 722 506 ac
741 472 865 506 liberos
884 475 918 505 in
938 473 1012 506 loca
1030 475 1105 506 tuta
1124 473 1353 515 transferrent,
1372 472 1527 506 coetibus
1548 474 1582 505 et
1602 471 1775 510 sacrificiis
1801 470 2086 513 conspirationem

179 517 354 551 civitatum
380 518 557 552 sancirent.
605 517 718 563 Atque
742 519 791 553 ita
814 518 961 553 inritatis
985 519 1155 564 utrimque
1179 518 1300 554 animis
1326 519 1519 554 discessum.

294 564 421 598 Eadem
455 567 582 598 aestate
616 566 737 599 cohors
763 565 945 609 Usiporum
978 578 1038 610 per
1068 566 1264 600 Germanias
1298 566 1489 610 conscripta
1522 568 1556 599 et
1586 566 1619 599 in
1651 565 1857 598 Brittaniam
1887 563 2088 597 transmissa
2104 564 2144 592 28

178 622 338 656 magnum
372 623 410 646 ac
443 612 660 647 memorabile
693 613 823 647 facinus
857 625 938 647 ausa
972 615 1030 646 est.
1080 613 1198 647 Occiso
1232 613 1428 647 centurione
1458 624 1496 646 ac
1525 612 1704 655 militibus,
1733 612 1793 656 qui
1823 611 1865 645 ad
1889 610 2087 645 tradendam

136 671 163 691 10
178 658 388 702 disciplinam
419 659 555 692 inmixti
583 659 765 703 manipulis
793 661 985 703 exemplum
1010 663 1044 693 et
1062 662 1208 693 rectores
1227 660 1448 703 habebantur,
1472 662 1540 693 tres
1561 659 1763 693 Liburnicas
1783 659 1913 692 adactis
1933 670 1995 702 per
2019 658 2086 691 vim

178 705 462 751 gubernatoribus
487 705 673 740 ascendere.
712 705 758 740 Et
783 718 850 741 uno
876 707 1063 753 remigante
1088 706 1251 752 suspectis
1278 706 1408 742 duobus
1434 718 1540 752 eoque
1565 705 1753 741 interfectis
1773 704 1924 740 noudum
1945 704 2086 752 vulgato

177 765 311 787 rumore
341 756 379 787 ut
409 754 607 788 miraculum
638 754 938 798 praevehebantur.
986 754 1067 787 Mox
1098 767 1218 797 aquam
1248 758 1348 798 atque
1379 755 1477 788 utilia
1501 757 1632 798 raptum
1659 754 1779 797 egressi
1810 766 1886 787 cum
1913 753 2086 797 plerisque

177 799 434 834 Brittannorum
464 811 525 834 sua
554 800 800 834 defensantium
829 800 960 845 proelio
991 800 1163 845 congressi
1192 812 1230 834 ac
1259 812 1356 846 saepe
1385 801 1539 845 victores,
1569 800 1751 845 aliquando
1781 800 1871 845 pulsi
1902 811 1942 834 eo
1968 799 2011 833 ad
2031 811 2086 833 ex-

178 850 323 880 tremum
349 847 482 891 inopiae
507 859 636 890 venere,
660 850 698 880 ut
723 847 972 880 infirmissimos
997 859 1145 890 suorum,
1174 859 1251 880 mox
1281 851 1370 881 sorte
1395 848 1513 881 ductos
1538 850 1760 881 vescerentur.
1809 847 1924 890 Atque
1948 847 1997 880 ita
2022 848 2083 880 cir-

138 904 162 923 16
179 894 344 926 cumvecti
372 893 574 926 Brittaniam
604 893 737 926 amissis
765 904 826 937 per
855 893 1023 926 inscitiam
1056 893 1194 937 regendi
1226 894 1368 928 navibus
1397 906 1459 938 pro
1489 894 1717 938 praedonibus
1747 893 1856 927 habiti
1885 894 2035 938 primum
2065 905 2085 926 a

179 938 308 983 Suebis,
333 951 412 973 mox
437 952 456 973 a
480 939 599 974 Frisiis
624 940 803 984 intercepti
827 942 914 974 sunt.
953 939 1004 974 Ac
1028 940 1132 983 fuere,
1156 951 1239 983 quos
1263 953 1323 984 per
1347 942 1548 975 commercia
1568 940 1788 975 venumdatos
1814 943 1848 974 et
1872 940 1907 974 in
1932 942 2083 974 nostram

178 997 287 1028 usque
311 987 419 1029 ripam
444 986 631 1019 mutatione
656 987 839 1020 ementium
865 986 1026 1020 adductos
1051 986 1211 1020 indicium
1236 988 1320 1020 tanti
1346 999 1441 1021 casus
1465 987 1668 1021 inlustravit.

294 1035 396 1072 Im‘tio
430 1037 567 1072 aestatis
596 1036 757 1083 Agricola
791 1037 975 1073 domestico
1004 1038 1141 1072 vulnere
1175 1038 1259 1073 ictus
1294 1051 1380 1073 anno
1410 1042 1487 1073 ante
1516 1041 1632 1073 natum
1662 1038 1772 1073 filium
1801 1039 1923 1074 amisit.
1973 1038 2080 1079 Quem
2098 1038 2139 1068 2⁹

178 1096 291 1117 casum
325 1096 435 1128 neque
469 1087 507 1117 ut
540 1085 693 1128 plerique
725 1086 867 1118 fortium
897 1086 1046 1119 virorum
1076 1086 1251 1119 ambitiose
1279 1098 1386 1129 neque
1414 1098 1475 1130 per
1503 1087 1650 1120 lamenta
1679 1097 1796 1119 rursus
1826 1097 1865 1119 ac
1895 1097 2081 1120 maerorem

136 1142 163 1163 πο
178 1130 389 1165 muliebriter
411 1131 499 1165 tulit.
539 1131 586 1165 Et
609 1132 645 1165 in
669 1131 764 1165 luctu
787 1131 913 1166 bellum
942 1132 1030 1166 inter
1053 1133 1197 1166 remedia
1222 1135 1300 1167 erat.
1339 1132 1448 1178 Igitur
1471 1133 1656 1178 praemissa
1681 1133 1798 1177 classe,
1819 1145 1905 1177 quae
1924 1133 2082 1178 pluribus

177 1178 261 1211 locis
285 1179 445 1222 praedata
468 1190 628 1223 magnum
654 1181 688 1212 et
713 1179 879 1212 incertum
905 1182 1064 1213 terrorem
1089 1181 1223 1223 faceret,
1247 1181 1401 1223 expedito
1427 1181 1585 1223 exercitu,
1609 1182 1663 1214 cui
1689 1191 1729 1213 ex
1750 1180 1941 1214 Brittannis
1966 1180 2081 1214 fortis-

178 1224 283 1258 simos
313 1227 347 1258 et
375 1225 478 1269 longa
505 1236 588 1269 pace
618 1226 811 1269 exploratos
836 1226 1017 1270 addiderat,
1042 1226 1084 1259 ad
1108 1229 1255 1260 montem
1282 1226 1465 1271 Graupium
1490 1227 1653 1271 pervenit,
1681 1239 1781 1270 quem
1807 1227 1873 1260 iam
1900 1227 2009 1261 hostis
2034 1227 2082 1260 in-

178 1271 317 1305 sederat.
365 1271 454 1305 Nam
478 1271 649 1306 Brittanni
674 1272 760 1305 nihil
783 1272 882 1306 fracti
906 1285 1039 1318 pugnae
1062 1274 1184 1318 prioris
1210 1276 1328 1307 eventu
1353 1276 1387 1307 et
1406 1274 1570 1308 ultionem
1589 1275 1649 1307 aut
1668 1274 1844 1308 servitium
1865 1276 2082 1319 expectantes

178 1319 380 1364 tandemque
404 1319 495 1354 docti
520 1330 697 1354 commune
721 1320 907 1364 periculum
927 1321 1104 1355 concordia
1122 1320 1394 1365 propulsandum,
1412 1321 1639 1366 legationibus
1659 1324 1693 1355 et
1712 1321 1908 1356 foederibus
1928 1322 2080 1355 omnium

135 1377 162 1398 2⁵
178 1367 367 1401 civitatium
393 1367 480 1399 vires
505 1367 705 1400 exciverant.
749 1366 889 1411 Iamque
914 1379 1014 1411 super
1038 1368 1178 1412 triginta
1203 1368 1296 1401 milia
1320 1371 1522 1402 armatorum
1547 1368 1807 1412 aspiciebantur,
1831 1370 1865 1401 et
1889 1368 2001 1402 adhuc
2025 1367 2080 1401 ad·

177 1412 305 1447 fluebat
336 1413 445 1447 omnis
481 1413 636 1447 iuventus
666 1416 708 1457 et,
738 1414 860 1458 quibus
889 1415 991 1449 cruda
1020 1426 1058 1448 ac
1086 1415 1201 1449 viridis
1231 1417 1390 1459 senectus,
1419 1415 1499 1449 clari
1528 1414 1618 1449 bello
1643 1416 1678 1448 et
1707 1426 1767 1449 sua
1792 1415 1935 1460 quisque
1960 1415 2081 1449 decora

178 1463 358 1505 gestantes,
382 1472 457 1493 cum
484 1461 573 1493 inter
595 1461 709 1504 plures
735 1461 835 1495 duces
859 1462 983 1495 virtute
1008 1464 1041 1494 et
1065 1473 1185 1506 genere
1208 1464 1380 1506 praestans
1405 1462 1540 1496 nomine
1566 1461 1730 1506 Calgacus
1756 1461 1845 1505 apud
1872 1464 2079 1495 contractam

177 1506 429 1540 multitudinem
454 1507 621 1551 proelium
646 1510 837 1551 poscentem
864 1509 897 1540 iu
923 1509 1012 1541 hunc
1036 1509 1172 1541 modum
1198 1508 1329 1542 locutus
1352 1508 1474 1541 fertur:

297 1558 473 1599 ‘Quotiens
498 1569 614 1593 causas
639 1558 721 1593 belli
746 1562 779 1593 et
803 1560 1035 1594 necessitatem
1059 1562 1208 1594 nostram
1229 1560 1368 1604 intueor,
1388 1571 1528 1604 magnus
1550 1559 1633 1593 mihi
1654 1561 1786 1594 animus
1807 1562 1857 1594 est
1877 1560 2079 1595 hodiernum
2097 1563 2137 1593 8⁰

136 1618 163 1638 ³0
179 1606 266 1640 diem
301 1617 567 1649 consensumque
595 1609 744 1639 vestrum
779 1607 913 1640 initium
947 1607 1113 1640 libertatis
1146 1608 1209 1640 toti
1240 1607 1425 1640 Brittaniae
1453 1607 1539 1640 fore:
1569 1619 1646 1640 nam
1672 1610 1706 1640 et
1730 1607 1879 1640 universi
1905 1607 2080 1641 coaluistis

177 1653 350 1687 servitutis
385 1655 538 1697 expertes
573 1656 606 1686 et
640 1654 751 1687 nullae
786 1653 875 1686 ultra
903 1657 1010 1687 terrae
1040 1666 1078 1688 ac
1107 1666 1148 1687 ne
1180 1666 1269 1688 mare
1299 1654 1431 1697 quidem
1460 1666 1614 1687 securum
1638 1654 1824 1688 inminente
1848 1654 1947 1688 nobis
1973 1655 2080 1688 classe

178 1698 338 1733 Romana.
387 1699 439 1732 Ita
467 1701 632 1743 proelium
662 1703 762 1743 atque
792 1712 893 1743 arma,
923 1712 1007 1744 quae
1031 1701 1176 1734 fortibus
1200 1701 1348 1743 honesta,
1373 1701 1486 1734 eadem
1512 1701 1613 1733 etiam
1639 1701 1771 1744 ignavis
1795 1701 1967 1734 tutissima
1992 1704 2079 1734 sunt.

291 1843 305 1867 1
328 1839 518 1875 conscientia]
540 1838 737 1867 conscientiae
757 1841 783 1865 Η
804 1847 838 1866 m.
850 1848 896 1875 pr.
992 1839 1108 1876 virtuti]
1127 1838 1246 1867 uirtutis
1266 1841 1291 1866 Η
1311 1848 1345 1866 m.
1358 1848 1404 1875 pr.
1500 1839 1727 1875 penetrandam]
1752 1839 1967 1874 penetrandum
1987 1842 2004 1866 b

177 1876 375 1914 Calidoniam]
395 1876 580 1913 calydoniam
600 1879 634 1911 Η,
655 1876 838 1904 caledoniam
858 1878 893 1904 t?
970 1880 985 1903 2
1006 1876 1182 1913 Brittaniae]
1202 1876 1367 1905 britanniae
1387 1879 1412 1904 Η
1433 1886 1466 1904 m.
1482 1885 1533 1905 sec.
1549 1879 1630 1905 abt?
1706 1875 1884 1912 proeliorum
1906 1877 2077 1906 Rhenanam

177 1914 322 1951 proelium
342 1917 399 1949 Et,
424 1913 568 1951 praelium
589 1917 628 1941 ab
724 1917 741 1941 4
761 1914 894 1942 condicio
914 1915 969 1950 est]
992 1914 1159 1942 conditione
1179 1916 1204 1941 Η
1224 1923 1259 1941 m.
1271 1923 1327 1949 pr..
1353 1914 1523 1942 condicione
1543 1917 1570 1941 Η
1589 1923 1624 1942 m.
1640 1923 1703 1948 ree„
1729 1914 1859 1942 conditio
1880 1915 1926 1943 est
1945 1917 1985 1942 ab

177 1952 288 1990 omnes]
314 1952 406 1980 omnis
427 1954 453 1979 11
472 1961 507 1980 m.
520 1961 566 1988 pr.
658 1951 842 1989 iuputantur]
868 1951 1052 1988 imputantur
1071 1954 1130 1979 abt
1204 1951 1364 1988 Brittanni]
1385 1951 1514 1980 britanni
1533 1954 1560 1979 11
1579 1961 1615 1980 m.
1630 1960 1683 1980 sec.
1699 1952 1782 1980 abt?
1878 1955 1895 1980 ὁ
1915 1960 1946 1980 se
1971 1952 2077 1989 victos]

177 2001 229 2020 om.
246 1993 286 2019 ab
362 1990 524 2027 occasione]
547 1990 720 2018 occansione
739 1992 766 2017 11
841 1989 1026 2027 adrogantia]
1048 1989 1218 2026 arrogantia
1236 1992 1276 2018 ab
1353 1993 1369 2018 6
1389 1990 1468 2028 tuta]
1488 1991 1556 2018 tura
1574 1992 1601 2018 Η
1621 2000 1655 2018 -ηι,
1670 1999 1715 2026 pr.
1798 1990 1943 2027 coetibus]
1965 1990 2079 2019 cetibus

176 2032 193 2056 b
270 2030 312 2065 et]
333 2038 366 2056 ac
387 2031 446 2056 abt
531 2031 546 2055 7
568 2028 732 2064 civitatum]
754 2028 921 2055 ciuitatium
942 2031 959 2055 b
1035 2028 1144 2070 Atque]
1164 2028 1306 2070 'adque-H
1325 2037 1360 2055 m.
1375 2037 1419 2062 pr.
1496 2027 1639 2070 inritatis]
1653 2027 1784 2069 'irritatis
1804 2030 1844 2054 ab
1931 2031 1949 2056 8
1970 2027 2079 2056 Britta—

177 2066 617 2141 {zzfflni’a‘ffiffmffigw’
637 2065 961 2139 bflffizxazg'r‘issusi
982 2065 1382 2138 113}ssssssssssssssssss
1403 2066 1753 2139 ’'¹13⁶35123231322332213
1774 2065 2022 2138 wlffinfflt?
2030 2104 2080 2132 „a

178 2143 208 2169 in
228 2142 359 2179 margine
378 2141 514 2177 preuehe,
537 2142 567 2168 in
586 2143 612 2167 Η
632 2141 699 2168 add.
717 2141 747 2168 in
765 2141 895 2177 margine
914 2140 1087 2176 pbebantur‚
1107 2141 1140 2167 in
1159 2150 1177 2167 a
1196 2139 1284 2175 prebe
1300 2139 1343 2166 A}
1406 2148 1513 2175 aquam
1532 2141 1622 2175 atque
1642 2139 1730 2167 utilia
1747 2141 1866 2175 raptum
1885 2139 1993 2176 cyre-si
2013 2149 2079 2168 cum

176 2180 291 2215 scripsi:
319 2179 447 2215 adquam
473 2178 568 2214 adque
593 2179 627 2205 ut
650 2177 704 2205 illa
726 2176 820 2213 raptis
839 2186 936 2206 secum
956 2179 982 2204 11
1001 2186 1036 2205 m.
1048 2186 1105 2213 pr„
1125 2177 1163 2204 ad
1184 2185 1290 2212 aquam
1310 2177 1406 2213 adque
1427 2178 1526 2213 (atque
1546 2178 1615 2212 abt)
1635 2179 1670 2204 ut
1689 2176 1743 2204 illa
1761 2177 1856 2212 raptis
1877 2185 1977 2205 secum
1997 2179 2024 2204 11
2042 2186 2079 2205 u.

175 2225 228 2245 sec.
249 2219 308 2244 abt
386 2219 419 2244 13
440 2216 672 2252 Brittannorum]
692 2214 893 2243 britannorum
913 2217 939 2241 Η
958 2223 994 2242 m.
1009 2223 1060 2242 sec.
1076 2216 1136 2241 abt
1212 2217 1246 2241 14
1266 2215 1346 2250 mox]
1365 2223 1477 2242 morum
1497 2217 1514 2241 b
1591 2214 1682 2250 sorte]
1702 2214 1779 2241 forte
1798 2216 1825 2241 11
1896 2214 2007 2251 Atque]
2028 2214 2079 2241 ad-

177 2262 234 2289 que
253 2256 280 2281 11
299 2263 334 2281 m.
346 2262 393 2289 pr.
473 2256 506 2280 15
527 2252 703 2280 Brittaniam
743 2252 925 2279 Britanniam
944 2254 1025 2279 abt?
1096 2250 1256 2288 inscitiam]
1277 2251 1393 2279 scitiam
1413 2254 1439 2278 E
1458 2260 1493 2279 m.
1505 2260 1552 2287 pr.
1623 2251 1762 2288 primum]
1783 2250 1879 2287 primo
1900 2251 1971 2279 dum
1991 2254 2008 2279 b

179 2295 211 2319 16
233 2291 350 2329 Suebis]
371 2291 468 2320 sueuis
488 2293 505 2318 b
576 2289 688 2327 Frisiis]
733 2289 832 2317 hrisiis
851 2292 877 2317 b.
898 2290 936 2318 In
955 2291 981 2316 11
1000 2289 1068 2317 add.
1083 2298 1120 2317 m.
1135 2297 1188 2317 rec.
1204 2290 1236 2317 in
1256 2290 1385 2325 maryim
1399 2289 1475 2316 frisii
1537 2288 1723 2326 commercia]
1744 2288 1918 2316 commertia
1936 2291 1962 2316 Π
1981 2298 2017 2317 m.
2029 2298 2077 2326 pr.

176 2332 216 2356 ab
265 2329 469 2366 venumdatos]
484 2328 669 2356 uennndatos
684 2330 724 2355 ab
778 2330 811 2354 1⁷
826 2327 981 2363 indicium]
996 2326 1136 2354 inditium
1150 2329 1184 2360 Η,
1199 2326 1342 2354 iudicium
1361 2329 1378 2353 b
1431 2326 1610 2363 inlustravit]
1625 2325 1790 2354 illustrauit
1804 2329 1863 2354 abt
1922 2329 1956 2353 19
1972 2328 2077 2362 neque]

176 2376 229 2394 nec
249 2369 265 2394 b
342 2367 450 2404 neque]
470 2374 524 2394 nec
543 2368 560 2393 b
636 2365 809 2402 maerorem]
828 2372 987 2393 moerorem
1007 2374 1033 2397 a.
1053 2372 1194 2392 merorem
1213 2366 1230 2391 b
1307 2366 1342 2391 20
1362 2363 1392 2391 in
1413 2363 1506 2400 luctu]
1534 2365 1566 2391 in
1585 2366 1611 2390 11
1631 2364 1698 2391 add.
1714 2372 1750 2391 m.
1765 2372 1817 2392 sec.
1834 2365 1867 2392 in
1886 2365 2017 2400 momine
2036 2363 2078 2392 in-

176 2423 305 2451 lustrans
382 2426 416 2452 21
437 2422 593 2460 praedata]
612 2421 786 2459 praedatum
805 2424 833 2448 11
843 2408 886 2449 ἠι,
901 2431 945 2457 pr.
1013 2420 1189 2458 Brittannis]
1209 2420 1354 2448 britannis
1373 2423 1400 2447 Η
1415 2429 1450 2448 m.
1465 2429 1517 2449 sec.
1533 2422 1593 2447 abt
1664 2423 1698 2447 22
1722 2419 1897 2458 Graupium]
1917 2408 2077 2457 Graupigm

176 2471 194 2488 a
270 2464 306 2488 23
327 2461 488 2499 Brittanni]
507 2459 631 2488 brittani
650 2462 685 2494 Η,
704 2459 838 2487 Britanni
857 2461 911 2493 ab,
931 2458 1115 2493 Britanniam
1134 2463 1148 2486 t
1223 2460 1258 2485 24
1278 2457 1458 2495 foederibus]
1478 2457 1627 2486 federibus
1647 2467 1664 2484 a
1741 2460 1777 2485 25
1802 2457 1981 2495 civitatium]
2007 2458 2078 2486 ciui-

175 2499 274 2528 tatum
293 2502 353 2527 nt?
410 2498 571 2535 adfluebat]
592 2497 762 2526 adfluebant
780 2499 807 2524 11
824 2506 861 2525 m.
872 2506 918 2533 pr.
985 2499 1020 2524 26
1040 2495 1142 2524 viridis
1161 2498 1188 2523 Η
1207 2504 1242 2523 m.
1257 2504 1311 2524 rec.
1326 2498 1397 2523 abt:
1418 2495 1491 2524 uiris
1511 2498 1537 2522 11
1555 2504 1591 2523 m.
1605 2504 1661 2531 pr„
1685 2496 1718 2523 in
1738 2495 1867 2532 maryine
1887 2495 1954 2524 add.
1975 2505 2011 2523 m.
2027 2505 2071 2524 sec

175 2536 275 2565 uirens
294 2540 329 2566 ut
347 2538 380 2565 in
399 2541 435 2564 at
492 2539 527 2564 27
548 2535 711 2572 praestans]
732 2535 866 2571 prestans
886 2536 912 2562 Η
969 2533 1125 2571 Calgacus]
1146 2532 1287 2570 galgacus
1308 2532 1340 2561 in
1360 2532 1497 2570 calgacus
1516 2541 1587 2562 corr.
1604 2542 1622 2560 a
1679 2532 1781 2598 apud]¹
1792 2534 1867 2569 aput
1885 2535 1912 2561 E
1926 2542 1962 2561 n.
1977 2542 2021 2569 pr.

176 2577 211 2603 29
233 2574 387 2612 Quotiens]
408 2575 440 2603 in
459 2577 485 2602 Η
503 2583 539 2602 m.
555 2583 607 2602 ree.
625 2573 691 2602 add.
707 2573 739 2601 in
753 2573 882 2608 maryine
901 2575 937 2600 οῑ·
952 2571 1067 2608 calgaci
1155 2571 1284 2608 intueor]
1308 2570 1424 2599 intuero
1443 2573 1461 2599 11
1550 2570 1725 2599 hodiernum
1773 2570 1829 2599 'em
1849 2579 2080 2607 consensumque

175 2612 320 2649 vestrum]
340 2614 511 2647 consensfiq.
528 2614 595 2639 ‘urm
615 2610 788 2639 hodiernum
812 2609 890 2637 diem
910 2612 936 2636 11
955 2618 990 2637 m.
1002 2618 1060 2645 pr„
1078 2609 1127 2637 sed
1146 2619 1181 2637 m.
1197 2617 1248 2636 sec.
1264 2617 1336 2637 corr,
1357 2608 1530 2636 hodiernum
1551 2608 1629 2635 diem
1649 2608 1745 2636 aetem
1763 2612 1789 2636 et
1809 2611 1875 2636 ante
1894 2616 2079 2636 consensum-

175 2657 233 2685 que
252 2649 334 2678 intra
351 2657 449 2678 versus
467 2648 576 2677 addens
651 2650 686 2675 30
707 2647 948 2684 consensumque]
969 2654 1183 2682 consensusque
1203 2648 1219 2673 b
1297 2645 1471 2683 Brittaniae]
1492 2645 1673 2673 brittanniae
1692 2647 1719 2672 11
1738 2654 1774 2673 m.
1788 2654 1844 2681 pr„
1864 2644 2033 2673 britanniae
2054 2647 2081 2673 11

176 2697 211 2715 m.
228 2696 278 2716 sec.
295 2690 356 2715 abt
369 2690 382 2715 ¹?
460 2686 612 2715 coaluistis
632 2686 748 2722 scripsi:
768 2684 865 2713 colitis
885 2686 914 2713 et
935 2687 987 2719 nt,
1007 2693 1059 2713 om.
1075 2686 1115 2711 ab
1192 2687 1225 2711 32
1247 2684 1347 2720 atque]
1370 2683 1467 2719 adque
1487 2685 1513 2710 Π
1531 2693 1566 2711 m.
1582 2693 1624 2719 pr.

1708 2731 1744 2758 3·
