2350 2946
147 457 184 484 18

149 1393 186 1419 19

204 131 247 164 10
810 127 990 158 CORNELII
1010 126 1137 157 TAGITI
1157 125 1373 156 AGRICOLAE
1394 128 1503 155 17-19
2023 123 2116 150 Eabt

199 230 285 261 quae
315 218 597 252 numerosissima
626 217 820 261 provinciae
850 217 955 250 totius
985 216 1193 260 perhibetur,
1222 216 1409 261 adgressus.
1458 213 1567 247 Multa
1600 212 1739 256 proelia,
1768 214 1802 246 et
1831 210 2013 255 aliquando
2041 220 2113 263 ,¹¹⁰.¹¹

199 266 391 299 incruenta:
425 276 653 310 magnamque
688 263 890 310 Brigantum
925 266 1055 308 partem
1091 265 1149 296 aut
1183 262 1325 297 victoria
1359 261 1534 305 amplexus
1568 262 1619 294 est
1652 261 1712 293 aut
1745 258 1844 293 bello.
1892 257 1939 292 Et
1974 255 2114 291 00110110

200 312 336 356 quidem
368 313 507 346 alterius
538 313 742 346 successoris
773 323 889 346 curam
918 312 1110 354 famamque
1136 310 1317 344 obruisset:
1348 309 1453 342 subiit
1478 307 1704 350 sustinuitque
1728 307 1851 340 molem
1878 305 1984 339 Iulius
2009 303 2113 357 Fron-

200 360 302 400 tinus,
328 360 381 392 vir
410 371 565 404 magnuS,
600 360 764 403 quantum
795 358 928 401 licebat,
959 357 1171 400 validamque
1206 359 1240 389 et
1269 366 1455 400 pugnacem
1487 354 1637 387 Silurum
1667 355 1800 397 gentem
1833 353 1937 385 armis
1970 351 2114 396 subegit,

202 418 304 450 super
328 407 492 440 virtutem
517 406 668 440 hostium
694 405 846 439 locorum
872 416 1005 448 quoque
1031 404 1248 437 difficultates
1273 403 1447 436 eluctatus.
1872 445 1877 451 η
1979 446 1984 450 -
2081 444 2086 450 ·
2144 410 2156 431 5

297 453 399 486 Hunc
424 453 613 486 Brittaniae
645 454 780 495 statum,
804 452 865 485 has
890 451 1054 485 bellorum
1076 450 1164 484 vices
1184 449 1293 483 media
1312 449 1377 481 iam
1399 450 1524 481 aestate
1545 450 1775 491 transgressus
1795 444 1956 490 Agricola
1976 446 2113 478 invenlt.

203 499 289 533 Cum
320 503 354 533 et
384 500 509 534 milites
540 499 633 533 velut
662 500 785 533 omissa
814 498 1027 542 expeditione
1057 498 1098 530 ad
1128 496 1340 530 securitatem
1371 497 1404 528 et
1439 494 1554 527 hostes
1584 493 1625 526 ad
1656 493 1865 526 occasionem
1896 493 2115 545 verterentur,

204 546 410 580 Ordovicum
440 547 559 580 civitas
589 546 680 579 haud
709 546 816 578 multo
846 547 924 577 ante
948 545 1127 577 adventum
1154 544 1224 576 eius
1249 542 1336 575 alam
1367 542 1400 573 111
1426 540 1551 573 finibus
1577 540 1646 572 suis
1672 540 1826 584 agentem
1852 549 1958 582 prope
1982 549 2115 571 univer-

205 606 275 627 sam
302 594 497 637 obtriverat,
522 604 628 637 eoque
653 592 752 626 initio
778 594 887 625 erecta
911 591 1092 635 provincia.
1133 589 1188 634 Et,
1213 589 1335 633 quibus
1360 587 1486 621 bellum
1512 586 1706 621 volentibus
1732 588 1813 629 erat,
1837 585 1981 630 probare
2006 597 2116 619 exem-

208 640 302 684 plum
328 652 367 674 ac
391 640 535 673 recentis
560 640 664 684 legati
689 639 837 672 animum
862 638 1020 682 opperiri,
1045 649 1119 671 cum
1140 636 1309 681 Agricola,
1334 645 1536 678 quamquam
1563 635 1755 666 transvecta
1780 635 1901 675 aestas,
1925 633 2034 676 sparsi
2055 643 2115 676 per
2131 645 2157 665 ιο

207 688 416 732 provinciam
437 687 578 730 numeri,
597 687 814 731 praesumpta
833 685 922 730 apud
943 684 1084 718 militem
1110 683 1201 717 illius
1226 682 1304 716 anni
1330 682 1434 726 quies,
1459 680 1554 715 tarda
1579 682 1613 714 et
1637 680 1806 714 contraria
1830 679 1958 714 bellum
1980 679 2113 714 incoha-

209 739 295 778 turo,
324 738 357 767 et
388 735 557 778 plerisque
588 733 749 767 custodiri
781 735 935 776 suspecta
960 733 1073 775 potius
1098 731 1282 772 videbatur,
1303 730 1349 762 ire
1370 729 1504 762 obviam
1528 727 1715 761 discrimini
1737 729 1866 761 statuit.
1911 726 2116 761 Contractis-

209 793 272 825 que
297 781 469 826 legionum
496 780 629 814 vexillis
654 781 688 813 et
713 779 845 813 modica
870 778 1071 812 auxiliorum
1097 789 1207 820 manu,
1232 777 1312 820 quia
1337 776 1371 808 111
1396 786 1540 819 aequum
1567 774 1701 820 degredi
1725 773 1909 809 Ordovices
1929 785 1997 808 non
2017 774 2113 808 aude-

209 829 298 871 bant,
334 829 405 872 ipse
439 830 517 861 ante
546 839 677 872 agmen,
707 838 774 870 quo
804 827 922 859 ceteris
951 837 1013 869 par
1041 824 1172 857 animus
1201 823 1303 857 simili
1332 822 1482 866 periculo
1512 824 1610 865 esset,
1639 822 1747 855 erexit
1779 822 1894 855 aciem.
1944 820 2115 865 Caesaque

206 886 312 918 prope
338 874 494 907 universa
520 876 620 918 gente
644 884 713 906 non
737 873 883 917 ignarus,
908 871 1100 905 instandum
1127 871 1234 903 famae
1259 881 1306 913 ac,
1330 872 1432 913 prout
1457 869 1568 912 prima
1592 869 1782 912 cessissent,
1807 871 1970 902 terrorem
1996 869 2115 902 ceteris
2132 881 2157 901 1⁵

207 922 288 965 fore,
313 921 450 955 Monam
476 920 631 963 insulam,
656 920 750 953 cuius
779 920 991 962 possessione
1021 920 1213 951 revocatum
1239 916 1419 950 Paulinum
1450 915 1632 950 rebellione
1661 916 1769 950 totius
1795 915 1983 950 Brittaniae
2013 927 2115 960 supra

208 968 398 1012 memoravi,
429 967 580 1012 redigere
610 967 644 1000 111
674 968 874 1010 potestatem
905 966 1016 998 animo
1052 964 1205 997 intendit.
1264 963 1329 997 Sed
1359 966 1397 997 ut
1427 963 1462 996 in
1492 962 1614 996 subitis
1645 963 1796 996 consiliis
1829 975 1931 997 naves
1963 963 2114 997 deerant:

206 1016 291 1048 ratio
318 1018 351 1048 et
377 1015 565 1048 constantia
590 1014 682 1047 ducis
708 1013 900 1047 transvexit.
950 1012 1120 1056 Depositis
1146 1010 1302 1044 omnibus
1333 1011 1472 1044 sarcinis
1502 1010 1705 1044 lectissimos
1735 1011 1962 1054 auxiliarium,
1992 1011 2115 1054 quibus

205 1064 286 1095 nota
301 1062 385 1094 vada
400 1064 434 1094 et
449 1061 577 1105 patrius
592 1060 693 1094 nandi
710 1072 799 1102 usus,
815 1071 881 1102 quo
897 1059 996 1092 simul
1018 1069 1119 1101 seque
1134 1060 1168 1091 et
1183 1070 1277 1091 arma
1292 1060 1326 1091 et
1340 1069 1446 1101 equos
1467 1060 1600 1103 regunt,
1616 1057 1664 1090 ita
1684 1059 1823 1101 repente
1844 1058 1985 1101 inmisit,
1999 1060 2038 1091 ut
2057 1058 2114 1091 ob-

205 1108 386 1153 stupefacti
402 1108 527 1150 hostes,
542 1107 599 1150 qui
616 1108 764 1149 classem,
780 1106 836 1149 qui
857 1106 949 1139 navis
967 1105 1025 1148 qui
1042 1117 1132 1138 mare
1148 1105 1379 1148 expectabant,
1394 1104 1481 1138 nihil
1496 1104 1638 1137 arduum
1655 1106 1714 1137 aut
1729 1104 1892 1138 invictum
1913 1104 2116 1138 crediderint
2130 1118 2158 1138 ιο

206 1155 253 1187 sic
283 1155 323 1187 ad
355 1155 479 1187 bellum
510 1153 730 1186 venientibus.
778 1152 830 1186 Ita
858 1153 963 1196 petita
991 1163 1072 1196 pace
1099 1163 1137 1184 ac
1161 1151 1274 1185 dedita
1300 1151 1411 1185 insula
1435 1151 1546 1185 clarus
1572 1163 1609 1184 ac
1633 1162 1777 1196 magnus
1801 1151 1919 1185 haberi
1944 1151 2116 1196 Agricola,

206 1202 331 1245 quippe
360 1201 414 1234 cui
444 1201 645 1245 ingredienti
675 1199 890 1243 provinciam,
923 1199 1013 1242 quod
1043 1201 1176 1242 tempus
1207 1198 1264 1232 alii
1293 1211 1353 1243 per
1383 1199 1645 1232 ostentationem
1672 1200 1705 1231 et
1730 1198 1922 1232 officiorum
1948 1198 2113 1232 ambitum

206 1248 407 1292 transigunt,
437 1247 533 1280 labor
562 1250 595 1280 et
623 1246 807 1290 periculum
839 1246 1028 1290 placuisset.
1078 1245 1149 1278 Nec
1179 1245 1342 1290 Agricola
1370 1246 1596 1290 prosperitate
1626 1257 1738 1278 rerum
1764 1246 1800 1279 in
1824 1245 2008 1279 vanitatem
2034 1257 2114 1279 usus

205 1295 452 1339 expeditionem
479 1297 536 1328 aut
561 1293 735 1327 victoriam
762 1293 902 1327 vocabat
927 1293 1033 1327 victos
1059 1293 1280 1327 continuisse:
1305 1305 1348 1327 ne
1372 1293 1532 1327 laureatis
1558 1293 1693 1337 quidem
1719 1295 1814 1338 gesta
1834 1295 2034 1338 prosecutus
2055 1295 2113 1326 est.

206 1341 270 1375 Sed
296 1342 366 1385 ipsa
391 1341 657 1375 dissimulatione
677 1341 784 1374 famae
805 1341 927 1374 famam
953 1341 1047 1374 auxit
1068 1340 1335 1385 aestimantibus,
1356 1342 1483 1384 quanta
1503 1339 1610 1374 futuri
1632 1352 1689 1384 spe
1710 1343 1780 1374 tam
1801 1352 1925 1386 magna
1945 1340 2114 1375 tacuisset.
2131 1353 2156 1374 2⁵

324 1389 476 1422 Ceterum
512 1389 699 1422 animorum
733 1388 925 1432 provinciae
960 1388 1107 1432 pmdens
1142 1388 1311 1432 simulque
1346 1388 1466 1422 doctus
1500 1400 1560 1432 per
1595 1388 1704 1421 aliena
1733 1389 1962 1432 experimenta
1995 1400 2113 1432 pamm

202 1436 320 1479 profici
341 1437 453 1478 armis,
473 1437 500 1468 si
521 1436 662 1468 iniuriae
683 1437 911 1479 sequerentur,
931 1446 1048 1468 causas
1069 1435 1234 1469 bellorum
1255 1435 1375 1468 statuit
1396 1435 1558 1469 excidere.
1584 1435 1614 1468 A
1636 1446 1670 1468 se
1691 1435 1828 1479 suisque
1849 1446 1947 1469 orsus
1967 1435 2114 1480 primum

204 1483 340 1517 domum
367 1495 460 1516 suam
486 1483 642 1525 coercuit,
673 1483 762 1526 quod
787 1483 955 1526 plerisque
980 1482 1071 1516 haud
1096 1483 1209 1516 minus
1234 1483 1376 1517 arduum
1403 1485 1454 1516 est
1478 1494 1580 1526 quam
1606 1482 1815 1527 provinciam
1845 1495 1969 1529 regere.
2018 1482 2115 1516 Nihil

202 1541 261 1572 per
290 1530 429 1563 libertos
460 1541 641 1572 servosque
671 1530 825 1572 publicae
860 1531 917 1573 rei,
947 1541 1015 1563 11011
1050 1530 1171 1562 studiis
1206 1530 1350 1573 privatis
1379 1541 1440 1563 nec
1471 1541 1512 1562 ex
1547 1530 1838 1563 commendatione
1867 1533 1927 1563 aut
1959 1529 2115 1574 precibus

203 1576 431 1609 centurionem
457 1576 621 1609 militesve
646 1577 760 1619 ascire,
785 1577 842 1609 sed
868 1576 1033 1620 optimum
1061 1588 1228 1620 quemque
1253 1576 1455 1610 fidissimum
1481 1578 1616 1620 putare3
1641 1577 1755 1609 omnia
1784 1577 1879 1619 seire,
1908 1588 1976 1611 non
2002 1577 2116 1610 omnia
2131 1589 2158 1610 so

202 1623 337 1666 exequi3
366 1623 478 1666 parvis
509 1623 652 1666 peccatis
682 1623 823 1665 veniam,
853 1623 985 1667 magnis
1016 1624 1229 1657 severitatem
1257 1623 1483 1667 commodare3
1508 1634 1569 1656 nec
1592 1634 1702 1667 poena
1727 1635 1869 1667 semper,
1898 1623 1955 1657 sed
1982 1624 2115 1667 saepius

200 1669 406 1713 paenitentia
431 1672 605 1703 contentus
630 1681 716 1713 000ος
742 1670 863 1703 officiis
889 1673 923 1703 et
948 1670 1301 1704 administrationibus
1326 1670 1441 1714 potius
1466 1682 1535 1704 non
1560 1672 1757 1714 peccaturos
1778 1682 1994 1715 praeponere,
2014 1682 2113 1714 quam

199 1717 366 1758 damnare,
391 1727 466 1750 cum
491 1719 672 1760 pecassent.
722 1716 897 1750 Frumenti
928 1721 961 1750 et
992 1717 1199 1750 tributorum
1226 1718 1435 1750 exactionem
1464 1716 1668 1760 aequalitate
1693 1729 1871 1751 munerum
1895 1717 2029 1751 mollire
2054 1718 2115 1752 cir-

199 1763 364 1801 cumcisis,
390 1774 474 1806 quae
500 1763 533 1796 in
565 1765 739 1806 quaestum
774 1766 906 1807 reperta
938 1764 1011 1807 ipso
1042 1764 1171 1797 tributo
1202 1764 1339 1808 gravius
1370 1764 1608 1797 tolerabantur.
1658 1763 1815 1807 Namque
1845 1775 1905 1808 per
1929 1764 2114 1798 ludibrium

292 1907 305 1930 1
322 1903 500 1940 provinciae]
514 1904 679 1939 prouintiae
695 1907 743 1931 Ha
801 1905 968 1941 adgressus]
981 1914 1137 1941 aggressus
1153 1915 1179 1939 a,
1196 1915 1331 1941 agressus
1343 1908 1359 1932 b
1418 1905 1542 1943 proelia]
1555 1905 1649 1949 prelia
1666 1916 1692 1939 a,
1709 1906 1802 1943 prelia
1817 1908 1833 1933 b
1893 1909 1909 1933 2
1926 1906 2112 1943 Brigantum]

199 1941 372 1976 bregantum
392 1943 441 1968 Ha
458 1950 491 1969 m.
507 1950 558 1970 sec.
576 1946 601 1976 t,
622 1941 812 1978 Bregantium
833 1953 851 1970 a
872 1952 905 1971 m.
919 1952 964 1979 pr.
982 1946 998 1970 b
1076 1942 1209 1980 Cerialis]
1233 1943 1354 1971 cerealis
1374 1946 1456 1978 ΗΜ,
1477 1943 1619 1972 caereahs
1640 1953 1658 1971 a
1740 1946 1756 1971 3
1777 1943 1880 1981 subiit]
1902 1952 1956 1973 om.
1971 1946 1998 1971 11
2018 1953 2054 1972 m.
2067 1953 2112 1980 pr.

197 1981 236 2005 ab
299 1979 507 2016 sustinuitque]
525 1979 749 2016 Substinuitque
765 1983 781 2007 b
849 1985 865 2008 4
882 1983 999 2017 gentem
1015 1981 1116 2018 armis]
1134 1981 1222 2009 armis
1243 1983 1361 2017 gentem
1377 1984 1416 2015 11,
1436 1982 1485 2010 sed
1495 1986 1598 2018 postea
1612 1991 1683 2010 corr.
1699 1984 1817 2018 gentem
1833 1982 1923 2010 armis
1938 1984 2056 2018 gentem

198 2020 213 2042 ὃ
234 2016 363 2044 locorum
383 2018 510 2053 quoque]
531 2017 654 2053 100021ος
674 2021 690 2045 b
769 2022 784 2046 6
808 2018 981 2055 Brittaniae]
1008 2018 1156 2046 britaniae
1176 2022 1202 2046 Η
1221 2028 1256 2046 m.
1273 2029 1334 2053 sec..
1356 2019 1538 2047 brittanniae
1550 2023 1599 2054 τί),
1620 2019 1792 2047 Britanniae
1812 2028 1844 2053 a,
1865 2019 2020 2048 Britannia
2039 2022 2056 2046 b

352 2061 380 2075 ΕΒ

197 2083 320 2119 aestate]
342 2084 421 2111 atate
442 2085 480 2117 Η,
501 2093 571 2112 corr.
590 2094 624 2112 m.
639 2091 709 2113 sees?
808 2088 821 2112 ἶ
844 2085 1037 2121 occasionem]
1065 2086 1268 2114 occansionem
1289 2089 1333 2114 Et
1429 2087 1620 2122 verterentur]
1648 2087 1801 2114 uterentur
1820 2089 1888 2113 nat
1983 2090 1999 2114 8
2020 2086 2111 2124 haud]

198 2120 269 2147 haut
284 2123 322 2154 Η,
342 2121 391 2148 sed
411 2122 501 2149 nescio
522 2131 561 2148 an
581 2122 600 2148 h
621 2126 687 2150 ante
706 2132 816 2150 versum
833 2123 899 2150 add.
917 2132 951 2150 m.
968 2132 1018 2150 sec.
1035 2125 1081 2151 sit.
1155 2127 1171 2150 9
1191 2123 1354 2159 provincia]
1376 2123 1529 2159 prouintia
1544 2126 1594 2150 na
1668 2127 1697 2150 11
1722 2123 1915 2161 provinciam]
1932 2124 2113 2160 prouintiam

196 2160 221 2183 Η
293 2157 383 2194 apud]
404 2159 476 2193 aput
495 2161 521 2185 H
535 2168 570 2186 m.
578 2168 623 2194 pr.
702 2159 885 2196 incohatum]
908 2160 1059 2188 incoaturo
1080 2163 1106 2187 Η
1126 2171 1160 2188 m.
1174 2170 1220 2197 pr.
1242 2171 1259 2188 a
1279 2170 1314 2189 m.
1327 2170 1384 2196 pr„
1406 2161 1581 2189 inchoaturo
1601 2165 1637 2189 t?
1712 2164 1745 2188 13
1766 2160 1797 2188 111
1817 2162 1956 2198 aequum]
1978 2161 2113 2189 inaecum

196 2197 239 2222 nt
306 2194 437 2232 degredi]
459 2195 573 2231 digredi
594 2199 633 2224 ab
692 2196 862 2234 Ordovices]
884 2197 1031 2226 ordouicis
1053 2201 1077 2225 Η
1099 2208 1132 2227 m.
1148 2208 1191 2234 pr.
1272 2202 1306 2226 14
1327 2198 1444 2242 ceteris]
1467 2198 1590 2227 coeteris
1611 2209 1642 2233 a,
1663 2198 1769 2236 ceteris
1790 2202 1806 2226 b
1865 2199 1992 2236 animus]
2014 2199 2112 2228 animo

196 2235 222 2259 Ε
241 2242 276 2260 m.
287 2242 334 2268 pr.
421 2233 522 2269 erexit]
544 2236 574 2262 in
595 2244 652 2263 ras.
670 2237 695 2261 Η
783 2238 817 2263 16
838 2235 966 2272 Monam]
994 2236 1118 2263 Nomam
1139 2239 1155 2263 b
1243 2237 1337 2273 cuius]
1365 2246 1479 2264 cumius
1499 2239 1526 2263 Η
1546 2247 1580 2264 vm⁴
1594 2246 1640 2272 pr.
1730 2237 1905 2274 Brittaniae]
1932 2237 2113 2265 brittanniae

196 2272 276 2303 Ht?‚
297 2270 460 2298 britanniae
481 2273 520 2298 ab
598 2274 632 2299 1?
654 2272 770 2308 subitis]
793 2272 920 2300 subbitis
941 2278 965 2302 t.
988 2273 1086 2301 dubiis
1107 2277 1145 2301 ab
1227 2276 1260 2301 18
1280 2274 1452 2311 transvexit]
1474 2275 1614 2307 transuei
1633 2277 1672 2308 Η,
1701 2283 1734 2301 m.
1750 2283 1802 2303 sec.
1820 2284 1833 2302 s
1853 2275 1917 2309 deb,
1937 2276 2061 2302 tranuei
2081 2285 2113 2310 a,

196 2309 312 2336 tranare
331 2309 412 2336 extra
432 2311 449 2335 b
528 2312 560 2336 1¹.)
582 2309 707 2347 patrius]
729 2310 810 2346 prius
831 2313 848 2338 b
927 2314 959 2338 21
982 2311 1087 2348 petita]
1114 2312 1210 2348 potita
1231 2315 1247 2339 b
1326 2315 1360 2340 22
1383 2311 1578 2350 provinciam]
1605 2311 1787 2349 prouintiam
1807 2315 1834 2340 Η
1911 2315 1946 2341 23
1967 2313 2114 2349 prosperi-

196 2346 269 2382 tate]
292 2346 433 2382 speritate
453 2349 479 2373 11
501 2357 533 2374 m.
548 2356 593 2382 pr.
670 2351 705 2375 24
726 2349 916 2386 continuisse]
939 2349 1085 2377 continuit
1105 2350 1130 2377 si
1151 2353 1177 2377 Η
1198 2360 1232 2378 m.
1245 2360 1291 2386 pr.
1370 2351 1416 2387 ne]
1438 2359 1492 2378 nec
1512 2353 1528 2378 b
1607 2354 1642 2378 25
1664 2350 1902 2388 aestimantibus]
1925 2351 2113 2379 aextimanti-

196 2383 256 2425 bus·
270 2388 283 2410 t
358 2387 392 2411 26
414 2383 558 2421 Ceterum]
585 2385 738 2413 Coeterum
759 2395 777 2413 a
853 2387 1031 2424 provinciae]
1059 2387 1225 2423 prouintiae
1246 2390 1272 2414 Η
1349 2387 1457 2425 aliena]
1480 2387 1578 2416 aliena
1603 2388 1739 2424 exempla
1759 2398 1777 2415 a
1855 2391 1889 2416 27
1911 2388 2048 2426 iniuriae]
2069 2388 2112 2417 in-

197 2429 276 2458 curie
295 2423 312 2448 b
397 2421 525 2457 primum
544 2424 574 2449 b:
596 2423 721 2459 primam
741 2426 808 2451 Eat
895 2427 930 2452 28
951 2425 1091 2462 coercuit]
1114 2425 1265 2454 cohercuit
1284 2428 1376 2453 naht
1462 2426 1554 2463 haud]
1575 2426 1649 2454 haut
1668 2426 1698 2454 Η
1780 2426 1972 2464 provinciam]
1994 2426 2113 2463 prouin-

197 2458 270 2486 tiam
289 2461 338 2486 Ha
424 2462 458 2486 29
479 2459 612 2497 libertos]
638 2460 745 2489 liberos
766 2471 783 2488 a
860 2462 994 2499 privatis]
1016 2462 1162 2498 priuatius
1183 2466 1210 2498 b,
1225 2463 1357 2499 111-1001110
1373 2473 1390 2490 a
1406 2473 1441 2490 m.
1458 2472 1519 2498 sec„
1540 2465 1572 2492 in
1588 2466 1718 2501 marqine
1734 2465 1802 2492 add.
1818 2466 1864 2492 112
1883 2465 2018 2500 priuatus

197 2515 460 2558 commendatione]
478 2516 699 2544 comendatione
716 2523 727 2544 t
786 2517 921 2552 precibus
950 2518 1105 2553 praecibus
1121 2522 1169 2546 Hb
1229 2522 1264 2547 30
1279 2518 1423 2547 militesve
1439 2520 1532 2548 ascire
1548 2520 1679 2549 Wext'us:
1695 2502 1899 2549 militefii¹⁹seire
1919 2523 1959 2555 Η,
1979 2520 2024 2548 Ne
2044 2521 2111 2550 add.

199 2562 232 2580 m.
249 2556 348 2588 antiq„
362 2552 471 2581 milites
486 2554 598 2582 nescire
613 2557 672 2582 abt
749 2558 782 2583 31
805 2563 918 2583 commo
942 2556 1001 2593 are]
1025 2557 1179 2585 comodare
1200 2562 1212 2584 t
1289 2560 1323 2584 32
1340 2557 1534 2595 paenitentia]
1556 2558 1739 2594 poenitentia
1758 2561 1797 2586 ab
1875 2561 1910 2586 33
1931 2559 2111 2587 exactionem

198 2590 378 2633 aequalitate
397 2592 589 2620 Puteolanus:
614 2592 817 2620 auctionemae
841 2593 987 2627 qualitate
1013 2596 1039 2620 11
1063 2603 1098 2622 m.
1115 2604 1172 2630 pr„
1197 2594 1332 2622 auctione
1358 2595 1540 2630 aequalitate
1564 2598 1591 2622 Η
1615 2605 1651 2623 m.
1671 2605 1731 2630 sec„
1757 2596 1924 2624 auctionem
1950 2596 2112 2631 equalitate

198 2632 223 2659 t,
248 2628 383 2655 auctione
408 2628 621 2664 inaequalitate
646 2639 675 2660 a,
697 2633 847 2665 praeterea
871 2631 903 2657 in
928 2632 995 2657 Hat
1020 2631 1087 2659 add.
1108 2632 1139 2659 in
1164 2632 1295 2668 maryine
1319 2632 1510 2665 exactionem.
1535 2632 1717 2661 exactionem
1738 2633 1934 2671 inequalitate
1955 2636 1985 2668 b,
2005 2634 2056 2670 qui
2080 2635 2110 2662 in

201 2666 327 2702 tnoeryine
346 2665 429 2694 habet
448 2665 613 2694 auctionem
692 2669 725 2694 34
747 2668 913 2704 quaestum]
935 2670 1072 2705 questum
1093 2672 1164 2697 Bab
1241 2669 1455 2708 tolerabantur]
1477 2670 1691 2699 tollerabantur
1706 2679 1718 2699 t
