2350 2946
220 645 256 672 :31

274 133 315 165 14
881 135 1060 163 CORNELII
1080 134 1205 163 TACITI
1223 133 1439 162 AGRICOLAE
1460 135 1569 159 80—32
2091 131 2182 156 Habt

270 220 404 253 Priores
436 232 582 265 pugnae,
612 221 736 265 quibus
771 222 930 255 adversus
960 222 1131 255 Romanos
1161 222 1253 254 varia
1285 221 1423 253 fortuna
1452 220 1614 251 certatum
1646 220 1706 260 est,
1735 227 1828 260 spem
1858 226 1897 248 ac
1926 215 2114 268 subsidium
2145 215 2181 248 in

269 266 396 301 nostris
421 267 579 301 manibus
603 267 784 312 habebant,
809 268 887 312 quia
912 268 1114 302 nobilissimi
1139 267 1245 302 totius
1270 265 1455 301 Brittaniae
1480 275 1585 309 eoque
1611 264 1644 297 in
1671 264 1753 308 ipsis
1777 260 2007 307 penetralibus
2037 263 2094 295 siti
2119 273 2182 297 nec

271 315 341 347 ulla
370 315 589 348 servientium
614 315 716 348 litora
741 316 941 359 aspicientes
967 316 1082 349 oculos
1107 327 1241 359 quoque
1265 327 1285 347 a
1310 316 1466 348 contactu
1491 311 1731 345 dominationis
1757 309 1938 362 inviolatos
1962 308 2180 362 habebamus.

270 360 345 395 Nos
370 364 537 396 terrarum
563 373 601 396 ac
630 361 800 396 libertatis
829 365 996 396 extremos
1026 373 1175 397 recessus
1206 362 1277 406 ipse
1307 371 1345 394 ac
1375 360 1468 393 sinus
1497 359 1586 392 fama
1617 358 1650 391 in
1680 357 1770 391 hunc
1799 356 1890 409 diem
1919 355 2082 389 defendit:
2113 368 2179 389 iam

271 409 439 442 terminus
463 409 650 443 Brittaniae
674 412 777 453 patet.
826 409 932 453 Atqui
957 422 1056 443 omne
1081 411 1235 453 ignotum
1264 419 1326 452 pro
1355 406 1534 450 magnifico
1565 407 1624 438 est.
1674 404 1739 437 Sed
1763 405 1856 437 nulla
1881 415 1948 437 iam
1973 403 2064 455 ultra¹
2088 414 2180 448 gens,
2209 417 2223 436 5

272 455 359 489 nihil
394 456 460 489 nisi
490 456 613 489 fluctus
643 467 682 490 ac
711 468 791 489 saxa
820 458 853 489 et
883 457 1073 490 infestiores
1103 456 1256 498 Romani,
1285 465 1428 497 quorum
1459 452 1649 496 superbiam
1679 451 1807 484 frustra
1830 461 1891 494 per
1915 449 2116 493 obsequium
2142 461 2181 483 ac

273 502 475 536 modestiam
501 503 653 548 effugias.
701 502 868 547 Raptores
894 504 995 546 orbis,
1019 505 1198 547 postquam
1223 503 1343 535 cuncta
1367 499 1577 533 vastantibus
1603 499 1736 531 defuere
1766 499 1884 539 terrae,
1914 508 2006 530 mare
2030 498 2180 549 scrutan-

273 552 338 582 tur.
389 549 425 582 Si
447 549 601 593 locuples
626 549 736 583 hostis
761 552 822 593 est,
852 550 954 593 avari,
979 550 1006 582 si
1031 560 1167 593 pauper,
1192 548 1371 590 ambitiosi,
1397 558 1481 590 quos
1506 557 1574 578 uon
1601 545 1729 587 Oriens,
1753 555 1821 577 non
1848 543 2012 577 Occidens
2041 546 2179 596 satiave-

274 597 332 629 rit:
357 596 422 630 soli
443 596 594 630 omnium
616 608 697 641 opes
718 598 819 640 atque
839 597 987 641 inopiam
1012 596 1085 641 pari
1110 596 1244 630 adfectu
1269 594 1518 638 concupiscunt.
1563 592 1714 635 Auferre,
1739 591 1917 634 trucidare,
1941 602 2059 644 rapere
2083 589 2179 624 falsis

276 643 470 676 nominibus
500 644 680 687 imperium
710 645 821 686 atque,
851 644 909 676 ubi
939 643 1154 676 solitudinem
1184 643 1320 684 faciunt,
1348 652 1464 684 pacem
1497 641 1676 683 appellant.
1725 638 1865 671 Liberos
1895 648 2017 681 cuique
2042 648 2080 670 ac
2104 649 2222 681 pro-10

274 690 420 734 pinquos
451 701 531 723 suos
560 692 681 724 natura
710 690 902 724 carissimos
931 702 1003 724 esse
1028 689 1148 724 voluit:
1177 688 1212 723 hi
1237 700 1296 733 per
1325 688 1465 722 dilectus
1490 686 1570 721 alibi
1596 685 1754 720 servituri
1779 685 1988 729 auferuntur,
2017 684 2179 730 coniuges

275 748 484 780 sororesque,
509 737 611 771 etiam
637 737 664 771 si
690 737 849 771 hostilem
874 737 1048 771 libidinem
1075 738 1270 781 effugerunt,
1295 735 1429 769 nomine
1450 734 1633 768 amicorum
1654 736 1755 777 atque
1774 733 1949 777 hospitum
1968 731 2177 786 polluuntur.

274 784 369 817 Bona
393 785 617 828 fortunaeque
643 784 678 818 in
702 784 878 828 tributum,
904 796 982 829 ager
1006 786 1106 828 atque
1131 795 1237 817 annus
1263 784 1297 816 in
1322 783 1537 825 frumentum,
1557 792 1700 825 corpora
1720 780 1794 825 ipsa
1814 791 1853 813 ac
1877 791 1996 814 manus
2021 779 2115 813 silus
2140 791 2179 813 ac

273 831 454 874 paludibus
484 831 694 864 emuniendis
724 831 812 864 inter
841 832 979 864 verbera
1008 834 1041 864 et
1065 831 1285 864 contumelias
1310 831 1536 863 conteruntur.
1585 827 1674 862 Nata
1699 827 1855 861 servituti
1880 826 2049 871 mancipia
2074 826 2177 860 semel

274 880 419 911 veneunt
444 880 545 921 atque
565 878 656 911 ultro
676 890 695 910 a
716 878 861 911 dominis
882 879 1028 911 aluntur:
1053 878 1220 910 Brittania
1239 877 1434 910 servitutem
1456 887 1551 909 suam
1572 875 1693 909 cotidie
1714 875 1804 914 emit,
1825 873 1949 908 cotidie
1968 874 2087 918 pascit.
2127 872 2178 907 Ac
2194 887 2220 907 ιε»

273 925 361 958 sicut
382 925 415 957 in
436 925 568 958 familia
587 924 837 958 recentissimus
858 926 999 968 quisque
1019 936 1189 958 servorum
1210 924 1310 957 etiam
1332 923 1501 957 conservis
1521 922 1667 956 ludibrio
1689 924 1749 965 est,
1770 922 1817 955 sic
1837 923 1873 955 in
1888 920 1953 954 hoc
1968 920 2060 954 orbis
2075 922 2178 955 terra·

273 983 348 1004 rum
369 973 481 1004 vetere
506 972 673 1004 famulatu
697 971 777 1004 novi
803 983 864 1004 nos
890 974 923 1004 et
947 972 1028 1003 viles
1054 972 1088 1003 in
1113 971 1278 1004 excidium
1300 971 1455 1014 petimur.
1494 969 1612 1013 Neque
1633 969 1723 1002 enim
1744 980 1824 1002 arva
1842 968 1942 1001 nobis
1963 970 2021 1001 aut
2041 969 2178 1001 metalla

273 1020 332 1051 aut
360 1020 481 1061 portus
516 1020 605 1060 sunt,
635 1018 758 1061 quibus
793 1017 984 1051 exercendis
1018 1030 1232 1051 reservemur.
1282 1016 1398 1050 Virtus
1428 1028 1528 1060 porro
1558 1028 1597 1050 ac
1626 1016 1752 1050 ferocia
1781 1015 2008 1049 subiectorum
2044 1015 2179 1060 ingrata

273 1064 529 1107 imperantibus,
562 1067 596 1097 et
629 1065 864 1108 longinquitas
899 1076 936 1097 ac
970 1067 1131 1097 secretum
1167 1065 1277 1107 ipsum
1308 1075 1374 1107 quo
1408 1063 1525 1105 tutius,
1555 1075 1594 1096 eo
1624 1062 1822 1106 suspectius.
1870 1061 1923 1095 Ita
1955 1061 2089 1095 sublata
2119 1073 2178 1105 spe

274 1111 390 1143 veniae
419 1111 554 1143 tandem
586 1111 708 1143 sumite
733 1111 893 1153 animum,
922 1113 990 1144 tam
1016 1111 1138 1154 quibus
1168 1110 1257 1143 salus
1282 1122 1381 1153 quam
1408 1110 1531 1153 quibus
1560 1109 1669 1154 gloria
1693 1109 1866 1142 carissima
1890 1110 1950 1141 est.
1998 1108 2177 1153 Brigantes
2193 1120 2221 1141 πο

274 1157 399 1190 femina
429 1157 511 1190 duce
541 1168 680 1190 exurere
706 1157 884 1200 coloniam,
913 1168 1104 1201 expugnare
1129 1158 1239 1191 castra
1263 1169 1310 1199 ac,
1334 1156 1399 1190 nisi
1423 1156 1568 1190 felicitas
1594 1156 1628 1189 in
1654 1155 1842 1190 socordiam
1867 1155 2032 1198 vertisset,
2057 1166 2178 1189 exuere

274 1204 391 1247 iugum
415 1206 570 1247 potuere:
595 1215 657 1236 nos
683 1203 807 1247 integri
827 1206 860 1236 et
881 1204 1036 1236 indomiti
1057 1207 1090 1236 et
1110 1205 1144 1237 in
1164 1204 1365 1246 libertatem,
1388 1215 1456 1236 non
1482 1204 1515 1236 in
1540 1203 1738 1246 patientiam
1759 1203 1909 1236 bellaturi
1929 1202 2040 1245 primo
2061 1202 2177 1235 statim

239 1257 246 1266 ¹
272 1261 457 1295 congressu
483 1250 708 1293 ostendamus,
733 1261 818 1293 quos
844 1250 908 1283 sibi
935 1250 1107 1284 Calidonia
1130 1250 1221 1284 viros
1245 1251 1439 1295 seposuerit.
1489 1249 1543 1283 An
1574 1250 1711 1284 eandem
1741 1249 1904 1284 Romanis
1934 1249 1969 1283 in
1997 1248 2088 1284 bello
2114 1249 2177 1283 vir-

272 1300 379 1331 tutem
415 1309 516 1341 quam
552 1298 587 1330 in
620 1309 702 1341 pace
736 1297 909 1331 lasciviam
945 1298 1059 1332 adesse
1089 1298 1245 1331 creditis?
1285 1297 1420 1331 Nostris
1450 1298 1501 1332 illi
1530 1297 1795 1331 dissensionibus
1825 1309 1864 1330 ac
1894 1297 2069 1330 discordiis
2095 1297 2176 1331 clari

273 1344 356 1376 vitia
384 1344 533 1377 hostium
564 1344 599 1376 in
628 1344 773 1388 gloriam
798 1345 964 1377 exercitus
988 1345 1039 1377 sui
1065 1347 1208 1377 vertunt.
1257 1344 1362 1384 Quem
1388 1346 1599 1377 contractum
1625 1355 1665 1377 ex
1695 1344 1932 1378 diversissimis
1957 1344 2115 1389 gentibus
2140 1346 2178 1377 ut
2193 1356 2219 1376 <25

272 1390 436 1424 secundae
462 1402 513 1424 res
538 1392 664 1434 tenent,
690 1390 738 1423 ita
762 1391 919 1423 adversae
945 1391 1138 1435 dissolvent,
1162 1391 1227 1424 nisi
1253 1392 1279 1425 si
1301 1390 1414 1425 Gallos
1439 1394 1473 1425 et
1494 1391 1678 1424 Germanos
1703 1394 1736 1424 et
1757 1390 1876 1434 (pudet
1900 1390 2009 1434 dictu)
2030 1390 2176 1424 Brittan-

272 1448 392 1470 norum
422 1438 613 1480 plerosque,
641 1437 721 1470 licet
750 1438 973 1470 dominationi
1002 1437 1129 1471 alienae
1160 1438 1355 1482 sanguinem
1386 1438 1609 1480 commodent,
1638 1437 1764 1470 diutius
1794 1440 1906 1470 tamen
1936 1436 2052 1471 hostes
2078 1449 2176 1479 quam

271 1495 385 1517 servos
415 1483 481 1517 fide
511 1486 545 1517 et
575 1483 708 1517 adfectu
738 1484 845 1517 teneri
875 1485 1011 1527 putatis.
1060 1484 1169 1518 Metus
1198 1495 1237 1518 ac
1266 1487 1374 1518 terror
1403 1486 1482 1518 sunt
1512 1484 1645 1518 infirma
1675 1484 1784 1518 vincla
1815 1483 1978 1518 caritatis:
2009 1495 2093 1528 quae
2118 1484 2177 1518 ubi

271 1531 464 1573 removeris,
494 1531 551 1573 qui
583 1531 701 1563 timere
733 1531 902 1571 desierint,
932 1531 1043 1563 odisse
1074 1532 1245 1575 incipient.
1294 1530 1415 1564 Omnia
1440 1531 1598 1564 victoriae
1629 1532 1846 1565 incitamenta
1871 1542 1933 1576 pro
1958 1531 2057 1564 nobis
2083 1534 2177 1565 sunt:

271 1578 384 1611 nullae
410 1580 577 1611 Romanos
603 1576 763 1622 coniuges
788 1577 984 1621 accendunt,
1009 1578 1093 1612 nulli
1117 1580 1271 1622 parentes
1296 1579 1411 1622 fugam
1438 1578 1669 1622 exprobraturi
1696 1581 1782 1621 sunt,
1808 1581 1865 1612 aut
1889 1580 1983 1613 nulla
2007 1578 2176 1622 plerisque
2193 1592 2219 1612 ³0

270 1625 381 1668 patria
405 1627 464 1656 aut
489 1624 555 1657 alia
579 1627 637 1657 est.
687 1624 817 1657 Paucos
847 1636 987 1658 numero
1018 1625 1094 1668 iam,
1123 1625 1271 1668 trepidos
1301 1625 1501 1669 ignorantia,
1531 1626 1657 1658 caeluni
1689 1625 1799 1669 ipsum
1826 1637 1863 1659 ac
1892 1637 1983 1659 mare
2008 1628 2042 1659 et
2066 1625 2177 1669 silvas,

269 1671 388 1716 ignota
420 1671 543 1714 omnia,
577 1672 894 1715 circumspectantes
929 1672 1059 1705 clausos
1095 1672 1238 1715 quodam
1279 1672 1378 1705 inodo
1413 1683 1451 1705 ac
1486 1672 1614 1706 vinctos
1648 1672 1694 1706 dii
1729 1672 1824 1706 vobis
1859 1673 2076 1706 tradiderunt.
2125 1672 2177 1706 Ne

269 1720 393 1750 terreat
417 1729 523 1750 vanus
553 1720 709 1761 aspectus
739 1720 772 1750 et
802 1720 873 1750 auri
904 1718 1018 1762 fulgor
1042 1721 1142 1760 atque
1167 1719 1308 1762 argenti,
1334 1718 1422 1761 quod
1453 1730 1560 1762 neque
1585 1719 1670 1763 tegit
1694 1731 1802 1762 neque
1827 1719 1989 1753 vulnerat.
2039 1719 2077 1752 ln
2103 1721 2177 1763 ipsa

383 1823 395 1846 1
419 1819 464 1856 ac]
487 1820 519 1847 in
538 1822 564 1846 Η
584 1829 619 1847 m.
635 1828 686 1848 sec.
703 1819 771 1847 add.
787 1820 819 1847 in
833 1820 963 1854 maraine
983 1820 1020 1846 ad
1117 1823 1132 1847 2
1153 1820 1298 1856 manibus]
1320 1819 1444 1847 nauibus
1465 1823 1481 1847 1)
1559 1821 1732 1857 Brittaniae]
1754 1821 1933 1849 brittanniae
1953 1824 1988 1855 Η,
2009 1822 2175 1850 britanniae

268 1859 350 1884 abt?
441 1860 458 1884 3
478 1856 551 1893 ulla]
573 1865 627 1884 om.
643 1859 683 1883 ab
774 1856 874 1893 litora]
896 1856 998 1884 littora
1018 1866 1035 1883 a
1125 1857 1274 1893 contactu]
1296 1858 1328 1885 in
1348 1859 1373 1884 11
1393 1857 1459 1885 add.
1477 1867 1510 1885 ηι.
1525 1866 1576 1886 sec.
1593 1859 1737 1894 conpactu
1833 1861 1850 1885 4
1872 1858 1951 1887 fama
1972 1859 2174 1888 Boaehorm'm:

267 1894 365 1921 famae
385 1897 476 1921 Habt
552 1894 696 1930 defendit]
718 1893 838 1921 defendi
857 1899 870 1921 t
946 1894 1005 1921 iam
1024 1896 1139 1930 scripsi:
1160 1896 1222 1921 tum
1243 1897 1269 1921 Η
1288 1904 1323 1922 m.
1336 1904 1393 1930 pr„
1413 1903 1488 1922 nunc
1508 1897 1534 1922 Η
1553 1905 1588 1923 m.
1603 1905 1655 1924 sec.
1672 1898 1732 1923 abt
1817 1900 1833 1923 5
1854 1896 2028 1934 Brittaniae]
2050 1897 2175 1925 brittan-

267 1931 333 1959 niae
348 1934 375 1958 Η
390 1941 425 1959 m.
436 1940 498 1965 sec„
514 1931 679 1959 britanniae
695 1934 754 1958 abt
764 1935 776 1958 ἱ)
852 1932 945 1967 patet]
966 1931 1046 1966 par&
1061 1934 1087 1958 Η
1102 1942 1137 1959 m.
1150 1941 1191 1965 pr.
1268 1932 1359 1966 Atqui
1374 1934 1489 1967 scripsi:
1510 1933 1606 1968 adque
1621 1936 1647 1960 Η
1662 1943 1696 1961 m.
1705 1943 1761 1969 pr„
1782 1935 1870 1970 atque
1886 1937 1912 1961 Η
1926 1944 1962 1962 m.
1973 1944 2024 1963 sec.
2041 1937 2101 1962 abt

266 1968 365 2005 omne]
379 1977 433 1997 om.
445 1973 458 1996 t
516 1972 532 1996 6
549 1969 595 2005 ac]
613 1970 643 1996 et
657 1971 697 1996 ab
753 1971 768 1995 7
785 1968 919 2005 effugias]
937 1968 1047 2004 fugeris
1064 1978 1089 2002 a,
1105 1969 1153 1997 sed
1168 1978 1238 1997 corr.
1252 1969 1282 1996 ιή
1298 1968 1444 2006 effugeris,
1460 1969 1605 2006 exfugeris
1622 1974 1637 1997 b
1692 1971 1819 2009 defuere]
1838 1971 1974 2000 desuetae
1990 1974 2016 1999 Η
2031 1982 2066 2000 m.
2075 1981 2122 2009 pr.

266 2007 373 2043 terrae]
400 2008 511 2035 terram
537 2008 566 2034 et
590 2009 617 2034 Η
641 2016 677 2035 m.
698 2016 748 2035 sec.
770 2009 830 2034 abt
924 2007 1100 2042 scrutantur]
1123 2016 1153 2034 sc
1174 2008 1310 2034 utrantur
1328 2010 1354 2034 Η
1373 2017 1408 2035 m.
1422 2017 1466 2043 pr.
1563 2012 1579 2036 S
1600 2009 1761 2046 ambitiosi]
1788 2009 1938 2038 amuitiosi
1958 2013 1984 2037 11
2003 2020 2039 2039 m.
2051 2020 2098 2046 pr.

266 2042 431 2080 satiaverit]
453 2044 614 2072 saciauerit
633 2047 659 2071 Η
679 2054 714 2071 m.
726 2053 782 2079 pn,
809 2054 844 2071 m.
862 2053 914 2072 rec.
931 2044 997 2071 add*
1019 2045 1051 2071 τή
1076 2045 1204 2080 maryinc
1224 2044 1351 2072 auaritia
1374 2054 1558 2073 romanorum
1655 2050 1670 2074 9
1691 2047 1792 2084 atque]
1814 2047 1910 2083 adque
1930 2050 1956 2074 Η
1978 2057 2011 2076 m.
2025 2058 2071 2084 pr.
2088 2053 2101 2076 t

266 2100 397 2137 adfectu]
419 2099 527 2128 affectu
547 2110 564 2128 a
648 2104 681 2128 10
702 2100 803 2137 atque]
826 2100 923 2136 adque
943 2102 969 2127 Η
1055 2104 1087 2128 11
1110 2100 1286 2137 carissimos]
1308 2083 1473 2130 clitrissimos
1493 2112 1510 2129 a
1586 2102 1687 2140 voluit]
1709 2103 1813 2131 uolunt
1832 2109 1845 2131 t
1863 2114 1899 2132 m.
1912 2114 1958 2140 pr.
2036 2105 2173 2142 dilectus]

266 2138 398 2166 delectus
413 2141 440 2165 Η
453 2148 490 2166 m.
506 2147 559 2166 rec.
575 2141 625 2165 abt
684 2141 718 2166 12
739 2137 917 2174 effugerunt]
938 2137 1080 2174 effugiant
1100 2141 1139 2165 ab
1198 2139 1297 2175 atque]
1315 2138 1410 2174 adque
1426 2141 1452 2166 Η
1468 2149 1500 2167 η),
1515 2149 1559 2175 pr.
1620 2144 1653 2169 13
1673 2141 1876 2178 fortunaeque]
1898 2143 1928 2170 in
1945 2145 1971 2169 H
1986 2143 2053 2171 add.
2069 2152 2105 2171 m.
2122 2152 2174 2173 rec.

267 2177 298 2203 in
322 2176 453 2212 margine
477 2185 547 2211 que3
568 2176 687 2204 fortuna
711 2184 786 2211 eque
811 2180 832 2210 t,
860 2175 985 2212 fortune,
1010 2184 1067 2213 que
1092 2178 1118 2209 b,
1144 2176 1263 2203 tntunae
1290 2176 1370 2209 Quae
1397 2187 1422 2210 a,
1448 2178 1479 2204 in
1504 2186 1558 2212 quo
1584 2179 1615 2206 in
1634 2180 1764 2215 nzaryine
1783 2188 1854 2208 aser.
1871 2189 1898 2215 q;
1994 2189 2065 2217 ager
2085 2182 2175 2216 atque

266 2214 402 2241 lacobus:
424 2215 586 2248 agei-atque
606 2216 658 2247 Et,
679 2215 804 2249 aggerat
824 2215 863 2239 ab
941 2213 1044 2249 annus]
1066 2214 1098 2239 in
1117 2215 1144 2239 Η
1163 2214 1229 2240 add.
1246 2222 1281 2241 m.
1297 2222 1349 2241 rec.
1365 2215 1397 2242 in
1417 2216 1545 2257 margine
1565 2217 1636 2251 quot
1656 2217 1720 2243 anis
1798 2220 1831 2244 14
1851 2218 1891 2253 et]
1915 2226 1948 2245 ac
1969 2220 2029 2245 abt
2105 2226 2175 2246 con—

266 2252 412 2279 teruntur
431 2251 567 2279 Iacobus:
589 2252 745 2278 conterunt
764 2251 856 2277 Habt
934 2253 968 2277 15
989 2251 1089 2287 atque]
1111 2250 1208 2285 adque
1227 2253 1253 2277 Η
1272 2260 1307 2278 m.
1322 2261 1365 2286 pr.
1439 2251 1594 2289 Brittania]
1617 2253 1766 2282 Britannia
1786 2257 1867 2282 abt?
1948 2255 2068 2293 cotidie]
2090 2258 2174 2292 quot-

265 2288 338 2316 tidie
358 2290 398 2316 ab
457 2288 579 2325 cotidie]
601 2288 750 2323 quottidie
770 2290 810 2315 ab
880 2290 913 2315 16
935 2287 1035 2324 etiam]
1057 2297 1110 2316 om.
1126 2290 1143 2315 1)
1212 2291 1244 2316 17
1266 2287 1378 2325 Neque]
1400 2298 1453 2316 nec
1473 2292 1489 2316 1)
1558 2293 1591 2318 19
1612 2291 1836 2329 imperantibus]
1857 2292 2062 2328 inperantibus
2081 2296 2108 2320 11

266 2328 301 2352 20
321 2325 440 2363 sumite]
462 2326 570 2354 suffiite
590 2335 607 2352 a
703 2325 867 2361 carissima]
895 2324 1067 2352 charissima
1088 2334 1118 2358 a,
1139 2324 1303 2353 clarissima
1322 2328 1338 2352 1)
1433 2326 1602 2394 Brigantes]
1619 2327 1769 2364 brigantes
1789 2332 1827 2363 Η,
1846 2330 1896 2358 sed
1916 2340 1950 2358 m.
1966 2340 2019 2360 rec.
2035 2331 2055 2358 b
2075 2331 2127 2359 del.
2149 2335 2175 2359 et

264 2367 331 2391 ante
351 2372 462 2391 versum
482 2372 554 2392 ascr.
571 2363 594 2390 B
657 2367 691 2390 21
714 2362 837 2400 femina]
859 2362 989 2390 foemina
1008 2372 1025 2389 a
1083 2363 1261 2399 expugnare]
1283 2364 1305 2390 ἅ*
1327 2371 1494 2399 expugnare
1512 2366 1529 2392 b
1600 2365 1724 2404 elicitas]
1746 2366 1892 2396 foelicitas
1912 2377 1939 2402 a,
1954 2367 2085 2406 felicitas
2100 2371 2117 2397 b

265 2402 381 2438 exuere]
403 2410 522 2435 exurere
542 2406 555 2428 t
651 2404 685 2428 22
706 2401 738 2428 in
757 2400 935 2436 patientiam
955 2400 1088 2427 bellaturi
1110 2401 1303 2434 Woelfflimcs:
1334 2402 1364 2428 in
1389 2402 1552 2438 penitentia
1571 2403 1660 2431 laturi
1680 2407 1718 2435 Β,
1748 2405 1779 2432 in
1804 2405 1999 2440 penitentiam
2018 2406 2109 2434 laturi
2129 2409 2174 2440 bt,

263 2438 295 2464 in
313 2438 531 2473 poenitentiam
551 2438 641 2465 laturi
662 2448 679 2464 a
747 2441 783 2464 23
805 2437 1006 2472 ostendamus]
1027 2437 1236 2464 hostendamus
1257 2447 1274 2463 a
1346 2437 1509 2475 Calidonia]
1531 2439 1687 2475 calydonia
1707 2444 1763 2477 nt,
1784 2442 1944 2470 Caledonia
1963 2445 1981 2470 1)
2058 2446 2093 2471 24
2114 2443 2173 2472 dis-

264 2474 459 2512 sensionibus]
482 2474 714 2503 dissentionibus
735 2477 752 2502 1)
840 2477 875 2502 25
896 2473 1033 2510 gloriam]
1055 2473 1181 2509 gioriam
1201 2476 1227 2501 Η
1312 2476 1502 2513 contractum]
1524 2479 1689 2506 contactum
1709 2481 1726 2506 1)
1816 2483 1851 2507 26
1877 2480 1969 2518 dictu]
1991 2481 2071 2509 dicto
2091 2484 2118 2508 Ε
2137 2490 2173 2509 m.

258 2522 305 2549 pr.
384 2512 618 2550 Brittannorum]
640 2512 850 2541 Britannorum
870 2514 952 2540 abt?
1049 2515 1083 2539 27
1109 2511 1293 2540 commodent
1318 2513 1509 2543 Puteolanus:
1535 2517 1738 2545 commendent
1758 2520 1849 2546 naht
1943 2518 2053 2557 hostes]
2074 2528 2174 2548 seruos

263 2551 363 2579 hostes
383 2561 401 2578 a
492 2554 528 2579 28
549 2552 679 2588 adfectu]
701 2550 810 2578 affectu
830 2553 857 2577 Η
877 2559 912 2578 m.
925 2559 972 2586 pr.
989 2555 1024 2578 at
1114 2549 1210 2578 Metus
1231 2559 1264 2578 ac
1284 2551 1386 2587 terror]
1407 2553 1500 2580 terror
1519 2562 1553 2581 ac
1572 2555 1667 2582 metus
1687 2559 1700 2582 t
1789 2558 1858 2584 sunt
1877 2557 2056 2586 Beroaldus:
2079 2549 2133 2586 'est'
2147 2549 2174 2584 'li

263 2591 323 2615 abt
399 2591 435 2616 30
456 2589 659 2625 exprobraturi
680 2599 698 2616 ι.
719 2598 752 2616 m.
768 2597 820 2617 sec.
837 2591 886 2616 t?:
911 2588 1100 2623 exprobaturi
1121 2590 1170 2615 Ha
1189 2597 1225 2615 m·
1238 2596 1284 2623 pr.
1300 2590 1316 2615 1)
1394 2592 1426 2617 31
1449 2589 1508 2618 iam
1522 2592 1637 2627 scripsi:
1658 2596 1694 2620 cu
1714 2595 1748 2627 Η,
1767 2594 1824 2622 sed.
1845 2603 1881 2621 m.
1901 2603 1953 2623 sec.
1973 2598 2041 2623 ante
2060 2603 2173 2623 versum

263 2627 329 2654 add.
352 2626 403 2660 cir,
424 2626 534 2653 circum
554 2629 614 2654 abt
691 2625 818 2661 caelum]
841 2624 955 2653 coelum
976 2635 993 2652 a
1069 2624 1169 2661 silvas]
1192 2624 1274 2652 siluis
1294 2628 1310 2652 1)
1388 2629 1422 2653 32
1443 2627 1536 2665 vobis]
1557 2628 1642 2656 nobis
1662 2633 1742 2658 abt?
1820 2634 1854 2658 33
1875 2632 1981 2670 neque]
2002 2640 2056 2660 nec
2075 2635 2092 2660 b

264 2664 371 2700 neque]
392 2671 447 2691 nec
467 2666 483 2691 1)
