2312 3005
187 124 278 150 uer
810 122 991 153 colmam
1009 123 1136 153 TACITI
1154 123 1371 153 AGBJCOLAE
1391 126 1464 152 3-6
2075 122 2097 155 ὅ

187 209 349 253 posuisse.
402 208 468 243 Hic
501 209 637 244 interim
670 210 756 244 liber
788 210 909 245 honori
943 210 1122 256 Agricolae
1156 211 1263 245 soceri
1298 212 1364 245 mei
1399 210 1585 245 destinatus
1620 210 1831 254 professione
1864 210 2002 254 pietatis
2037 212 2098 243 aut

187 256 343 290 laudatus
367 257 433 290 erit
456 259 516 290 aut
539 259 725 291 excusatus

305 302 438 337 Gnaeus
465 303 572 338 Iulius
601 303 771 349 Agricola,
799 307 912 338 vetere
941 308 975 338 et
1003 305 1127 338 illustri
1156 287 1441 339 Foroiuliensium
1476 305 1609 338 colonia
1643 306 1749 346 ortus,
1777 306 1959 347 utrumque
1993 315 2094 337 avum
2112 307 2132 335 4

186 352 441 393 procuratorem
466 350 644 384 Caesarum
668 351 798 394 habuit,
823 362 908 394 quae
933 351 1097 395 equestris
1121 351 1282 384 nobilitas
1302 354 1362 385 est.
1403 351 1505 384 Pater
1528 350 1580 383 illi
1600 350 1708 383 Iulius
1729 331 1915 383 Graecinus
1935 350 2096 383 senatorii

159 410 171 430 s
188 396 325 431 ordinis.
351 396 463 431 studio
488 398 700 442 eloquentiae
723 398 974 451 sapientiaeque
997 399 1099 431 notus
1124 397 1233 442 iisque
1258 397 1340 442 ipsis
1365 397 1551 432 virtutibus
1576 396 1661 430 iram
1683 395 1745 430 Gai
1766 394 1920 430 Caesaris
1941 397 2097 430 meritus:

187 455 331 487 namque
355 443 400 477 Μ.
422 443 574 478 Silanum
599 456 755 478 accusare
778 445 888 478 iussus
914 447 958 488 et,
982 445 1062 488 quia
1086 445 1258 488 abnuerat,
1283 445 1481 478 interfectus
1506 446 1567 477 est.
1612 443 1723 477 Mater
1747 442 1834 476 Iulia
1859 443 2007 476 Procilla
2030 443 2097 476 fuit

188 501 280 524 rarae
308 490 482 524 castitatis.
530 490 570 524 In
599 492 700 524 huius
732 491 808 524 sinu
833 491 1109 535 indulgentiaque
1133 491 1294 524 educatus
1318 503 1379 534 per
1402 502 1537 525 omnem
1562 491 1783 523 honestarum
1813 490 1939 522 artium
1964 490 2092 523 cultum

186 536 365 581 pueritiam
387 537 713 581 adulescentiamque
733 537 904 583 transegit.
944 537 1090 571 Arcebat
1109 549 1185 571 eum
1205 537 1247 572 ab
1267 538 1435 572 illecebris
1455 537 1669 582 peccantium
1689 538 1824 580 praeter
1843 535 1952 580 ipsius
1973 536 2096 569 bonam

187 584 420 629 integramque
451 587 615 628 naturam,
645 585 735 628 quod
765 585 881 619 statim
909 585 1069 628 parvulus
1098 584 1210 618 sedem
1239 597 1278 618 ac
1306 585 1502 630 magistram
1533 584 1725 618 studiorum
1752 583 1941 617 Massiliam
1967 583 2097 625 habuit,

145 644 172 665 ιο
185 631 297 665 locum
324 630 451 666 Graeca
475 632 634 666 comitate
658 634 692 666 et
716 631 915 676 provinciali
938 631 1144 676 parsimonia
1166 632 1312 665 mixtum
1337 643 1377 666 ac
1408 631 1490 666 bene
1520 631 1757 676 compositum.
1806 630 1972 664 Memoria
1996 632 2097 664 teneo

186 678 325 711 solitum
355 680 467 721 ipsum
496 691 629 712 narrare
658 690 693 711 se
717 679 827 722 prima
850 680 887 711 in
909 680 1046 711 iuventa
1070 679 1218 711 studium
1243 679 1479 722 philosophiae
1503 680 1624 721 acrius,
1653 678 1745 711 ultra
1769 689 1872 720 quam
1897 689 2095 711 concessum

187 723 339 759 Romano
369 736 408 759 ac
438 725 594 769 senatori,
623 725 785 770 hausisse,
813 724 849 758 ni
873 724 1054 770 prudentia
1077 725 1194 758 matris
1220 724 1392 759 incensum
1418 736 1456 759 ac
1480 724 1682 771 fiagrantem
1707 724 1858 758 animum
1884 723 2096 758 coercuisset.

187 772 324 806 Scilicet
347 773 490 806 sublime
515 775 549 807 et
568 776 715 807 erectum
736 773 910 818 ingenium
931 772 1217 816 pulchritudinem
1239 785 1276 806 ac
1301 774 1444 816 speciem
1466 784 1607 818 magnae
1627 773 1847 816 excelsaeque
1865 772 1979 817 gloria
1998 771 2096 805 vehe-

187 819 332 852 mentius
353 830 453 863 quam
474 822 570 853 caute
590 819 778 863 appetebat.
817 819 898 852 Mox
919 819 1088 863 mitigavit
1114 820 1199 852 ratio
1226 822 1259 852 et
1283 822 1384 862 aetas,
1408 820 1626 863 retinuitque,
1651 819 1743 863 quod
1767 821 1820 852 est
1845 818 2097 860 difficillimum,

146 880 171 901 15
186 877 227 899 ex
252 865 417 909 sapientia
441 866 587 900 modum.

302 912 417 945 Prima
436 914 623 946 castrorum
643 912 834 946 rudimenta
854 913 889 945 in
904 911 1073 945 Brittania
1088 910 1249 945 Suetonio
1265 912 1418 957 Paulino,
1438 912 1593 957 diligenti
1613 923 1652 945 ac
1672 912 1846 946 moderato
1868 912 1955 955 duci,
1975 923 2095 956 appro-
2114 916 2134 943 5

187 959 289 1002 bavit,
313 960 449 1003 electus,
474 972 573 1003 quem
599 960 820 994 contubernio
845 959 1046 993 aestimaret.
1089 958 1160 992 Nec
1185 958 1346 1003 Agricola
1369 960 1511 994 licenter
1534 971 1628 993 more
1654 959 1823 1003 iuvenum,
1850 960 1910 1002 qui
1937 959 2094 993 militiam

187 1005 222 1038 in
246 1005 419 1039 lasciviam
445 1008 590 1048 vertunt,
613 1018 721 1050 neque
746 1006 894 1059 segniter
918 1005 960 1038 ad
979 1005 1170 1049 voluptates
1195 1008 1227 1038 et
1253 1008 1458 1039 commeatus
1484 1007 1620 1039 titulum
1649 1006 1841 1039 tribunatus
1866 1008 1901 1038 et
1925 1006 2095 1038 inscitiam

186 1052 329 1096 rettulit,
358 1053 414 1086 sed
443 1065 580 1087 noscere
610 1052 827 1097 provinciam,
856 1052 950 1086 nosci
980 1051 1150 1093 exercitui,
1175 1052 1299 1086 discere
1324 1066 1343 1086 a
1366 1053 1494 1107 peritiS,
1520 1053 1616 1097 sequi
1641 1053 1800 1098 optimos,
1824 1052 1913 1087 nihil
1936 1056 2097 1097 appetere

146 1115 172 1134 so
187 1100 222 1132 in
242 1100 467 1143 iactationem,
486 1100 573 1133 nihil
592 1100 636 1133 ob
656 1100 870 1133 formidinem
890 1111 1042 1133 recusare
1062 1100 1229 1143 simulque
1248 1102 1282 1132 et
1301 1102 1420 1133 anxius
1440 1103 1473 1133 et
1493 1102 1644 1134 intentus
1669 1112 1778 1144 agere.
1812 1099 1893 1133 Non
1912 1111 1993 1133 sane
2012 1100 2097 1133 alias

188 1145 404 1180 exercitatior
428 1147 603 1191 magisque
629 1147 663 1179 111
688 1147 847 1191 ambiguo
873 1146 1041 1179 Brittania
1065 1146 1143 1179 fuit:
1168 1146 1327 1179 trucidati
1352 1147 1510 1189 veterani,
1535 1147 1690 1180 incensae
1720 1146 1882 1189 coloniae,
1916 1146 2096 1190 intercepti

188 1193 362 1227 exercitus.
402 1193 488 1227 Tum
514 1193 554 1226 de
575 1194 692 1236 salute,
717 1205 796 1226 mox
816 1193 856 1226 de
876 1193 1018 1226 victoria
1038 1195 1214 1227 certavere.
1254 1192 1345 1233 Quae
1366 1196 1485 1227 cuncta
1504 1195 1568 1227 etsi
1590 1193 1742 1227 consiliis
1764 1193 1936 1237 ductuque
1956 1193 2096 1227 alterius

187 1240 383 1283 agebantur,
407 1251 445 1272 ac
470 1251 601 1272 summa
625 1251 737 1272 rerum
763 1242 796 1272 et
820 1241 1033 1282 recuperatae
1057 1239 1248 1282 provinciae
1273 1239 1380 1283 gloria
1404 1241 1439 1272 in
1464 1240 1582 1273 ducem
1608 1240 1720 1282 cessit,
1745 1242 1852 1272 artem
1879 1242 1913 1272 et
1938 1251 2037 1272 usum
2063 1243 2097 1272 et

188 1286 343 1320 stimulos
368 1286 525 1320 addidere
549 1286 673 1329 iuveni,
697 1285 903 1329 intravitque
928 1286 1077 1319 animum
1100 1283 1256 1319 milita'ris
1275 1286 1402 1331 gloriae
1422 1286 1553 1330 cupido,
1574 1287 1709 1331 ingrata
1728 1286 1951 1330 temporibus,
1971 1285 2096 1330 quibus

147 1346 173 1367 25
189 1333 326 1366 sinistra
350 1332 638 1377 ergaPeminentes
663 1332 899 1376 interpretatio
924 1342 985 1365 nec
1010 1332 1121 1365 minus
1146 1332 1331 1375 periculum
1355 1344 1396 1365 ex
1422 1344 1544 1377 magna
1567 1333 1658 1366 fama
1683 1343 1782 1376 quam
1810 1344 1853 1366 ex
1878 1333 1976 1366 mala.

282 1378 371 1413 Hinc
405 1379 447 1413 ad
480 1379 702 1423 capessendos
736 1379 953 1424 magistratus
988 1379 1023 1412 13
1062 1378 1176 1412 urbem
1214 1379 1389 1424 degressus
1428 1379 1611 1413 Domitiam
1639 1378 1874 1423 Decidianam,
1908 1379 2096 1423 splendidis
2113 1384 2133 1412 6

188 1425 358 1459 natalibus
383 1428 502 1470 ortam,
527 1426 591 1460 sibi
616 1426 733 1459 iunxit.
781 1425 886 1470 quue
911 1426 1162 1459 matrimonium
1188 1426 1229 1458 ad
1253 1426 1380 1459 maiora
1408 1426 1530 1459 nitenti
1556 1426 1657 1459 decus
1682 1437 1722 1460 ac
1745 1426 1850 1460 robur
1874 1426 1949 1460 fuit.
1994 1426 2094 1460 Vixe

189 1476 334 1518 runtque
367 1473 452 1507 mira
482 1473 660 1507 concordia
688 1485 749 1518 per
777 1475 929 1507 mutuam
955 1474 1128 1506 caritatem
1153 1475 1186 1506 et
1210 1473 1246 1506 in
1269 1473 1376 1506 vicem
1402 1485 1436 1506 se
1461 1473 1707 1517 anteponendO,
1736 1474 1801 1507 nisi
1828 1473 1920 1518 quod
1945 1474 1981 1507 in
2006 1474 2095 1507 bona

189 1533 292 1554 uxore
321 1523 416 1554 tanto
447 1521 554 1554 maior
582 1522 666 1564 laus,
696 1523 822 1564 quanto
852 1521 888 1553 in
916 1520 1004 1554 mala
1034 1522 1110 1563 plus
1140 1520 1257 1563 culpae
1286 1523 1346 1553 est.
1395 1519 1475 1553 Sors
1500 1524 1701 1564 quaesturae
1730 1521 1941 1565 provinciam
1966 1520 2095 1563 Asiam,

146 1582 174 1602 30
188 1568 423 1612 proconsulem
449 1567 599 1600 Salvium
625 1567 796 1601 Titianum
822 1567 922 1610 dedit,
942 1578 1085 1610 quorum
1105 1569 1224 1600 neutro
1245 1570 1423 1610 corruptus
1443 1569 1503 1610 est,
1524 1578 1730 1610 quamquam
1751 1570 1785 1601 et
1805 1568 1980 1610 provincia
2000 1568 2094 1600 dives

188 1625 227 1647 ac
255 1616 373 1658 parata
401 1614 626 1658 peccantibus,
655 1616 689 1647 et
720 1613 902 1658 proconsul
931 1613 966 1646 in
996 1624 1129 1646 omnem
1159 1613 1352 1646 aviditatem
1382 1624 1511 1657 pronus
1536 1613 1749 1657 quantalibet
1773 1614 1938 1648 facilitate
1967 1614 2094 1647 redem-

188 1663 308 1704 pturus
332 1663 421 1693 esset
445 1663 597 1694 mutuam
624 1661 923 1694 dissimulationem
947 1661 1035 1692 mali.
1076 1660 1204 1692 Auctus
1229 1662 1280 1692 est
1303 1660 1350 1692 ibi
1371 1661 1442 1693 filia
1461 1661 1496 1692 in
1518 1660 1707 1693 subsidium
1729 1661 1831 1694 simul
1856 1672 1895 1693 ac
1915 1660 2095 1695 solacium:

188 1719 266 1741 nam
291 1707 399 1741 filium
425 1709 502 1740 ante
527 1707 697 1741 sublatum
718 1707 811 1741 brevi
830 1706 953 1739 amisit.
992 1705 1073 1739 Mox
1093 1706 1181 1739 inter
1201 1708 1415 1750 quaesturam
1435 1717 1473 1739 ac
1493 1706 1703 1740 tribunatum
1723 1707 1834 1750 plebis
1854 1709 1956 1751 atque
1982 1707 2094 1751 ipsum

189 1755 289 1787 etiam
315 1755 506 1787 tribunatus
531 1766 656 1787 annum
681 1753 793 1798 quiete
818 1756 851 1786 et
875 1752 945 1786 otio
970 1753 1112 1795 transiit,
1136 1764 1259 1796 gnarus
1285 1753 1346 1786 sub
1366 1752 1501 1786 Nerone
1522 1755 1725 1796 temporum,
1745 1753 1869 1797 quibus
1889 1753 2013 1787 inertia
2032 1766 2094 1798 pro

146 1816 172 1836 35
189 1801 354 1846 sapientia
387 1801 460 1834 fuit.
507 1799 601 1834 Idem
634 1803 810 1844 praeturae
843 1802 941 1833 tenor
972 1801 1005 1832 et
1040 1799 1221 1832 silentium.
1268 1799 1340 1832 Nec
1369 1800 1459 1832 enim
1488 1800 1677 1833 iurisdictio
1708 1800 1907 1833 obvenerat:
1937 1800 2036 1834 ludos
2061 1803 2096 1833 et

190 1849 303 1883 inania
331 1848 468 1881 honoris
498 1847 607 1882 medio
637 1847 777 1881 rationis
807 1849 908 1891 atque
939 1846 1162 1880 abundantiae
1191 1846 1296 1890 duxit,
1321 1847 1372 1880 uti
1396 1846 1497 1891 longe
1521 1859 1541 1880 a
1565 1847 1711 1889 luxuria,
1736 1847 1785 1880 ita
1809 1847 1919 1881 famae
1944 1848 2094 1892 propior.

191 1895 276 1928 Tum
312 1895 436 1928 electus
471 1907 490 1927 3
520 1894 625 1928 Galba
655 1895 697 1927 ad
726 1895 814 1927 dona
847 1893 1050 1936 templorum
1084 1894 1352 1937 recognoscenda
1390 1893 1650 1937 diligentissima
1684 1894 1934 1937 conquisitione
1968 1895 2096 1937 effecit,

191 1954 232 1976 ne
256 1942 350 1976 cuius
375 1940 512 1975 alterius
538 1941 749 1986 sacrilegium
775 1951 828 1974 res
853 1939 988 1985 publica
1012 1951 1112 1984 quam
1137 1938 1283 1973 Neronis
1309 1940 1477 1974 sensisset.

305 2039 318 2062 1
339 2035 530 2071 professione]
547 2034 716 2070 profexione
731 2037 752 2060 Τ
800 2036 816 2060 3
832 2033 960 2070 Gnaeus]
977 2043 1010 2060 cs
1026 2035 1055 2066 Β,
1073 2041 1159 2060 cneus
1175 2036 1210 2066 G,
1232 2032 1324 2060 Gneus
1340 2036 1374 2066 Τ,
1394 2033 1493 2060 Gneus
1508 2036 1532 2060 A
1579 2034 1682 2071 Iulius]
1700 2034 1804 2061 Tulius
1819 2037 1863 2061 GT
1911 2035 2094 2063 Foroiulien-

190 2073 277 2110 sium]
299 2071 515 2100 foriuliensium
529 2074 550 2099 Β
608 2074 625 2099 4
645 2071 812 2108 Caesarum]
829 2070 942 2108 Cesaris
957 2072 978 2097 B
1036 2070 1190 2107 equestris]
1213 2080 1228 2097 ιιι
1249 2054 1394 2105 equestris
1410 2073 1440 2105 G,
1461 2079 1479 2099 3
1494 2080 1565 2099 eras.
1623 2071 1669 2099 illi
1691 2071 1841 2107 Wo'lfflin:
1861 2071 1919 2100 Iuli
1934 2074 2010 2107 m„
2026 2072 2093 2101 111111

189 2113 213 2138 A
289 2109 462 2147 Graecinus]
482 2109 623 2137 Grecinus
643 2112 690 2136 AG
775 2112 791 2136 5
812 2108 857 2136 010
858 2108 1008 2144 quentiae]
1030 2108 1096 2143 eloq
1097 2108 1167 2136 tiae
1188 2110 1210 2135 G
1304 2108 1373 2144 Gai]
1394 2092 1446 2136 Gai
1465 2111 1502 2142 A.
1523 2108 1544 2136 C
1564 2111 1607 2136 ΒΤ
1708 2112 1724 2136 6
1745 2109 1796 2146 Μ]
1818 2109 1952 2137 Marcum
1971 2112 2020 2137 AG

190 2147 333 2184 Silanum]
355 2146 499 2174 Sillanum
518 2149 578 2180 AG,
604 2146 757 2182 Syllanum
776 2149 810 2180 Τ,
835 2144 987 2173 Sullanum
1007 2147 1028 2171 B
1124 2148 1138 2171 7
1164 2145 1364 2181 honestarum]
1390 2145 1554 2173 honestatis
1574 2148 1595 2172 B
1691 2145 1816 2183 cultum]
1842 2146 1973 2174 culctum
1998 2148 2020 2174 Β

190 2188 207 2214 8
226 2184 397 2222 pueritiam]
417 2168 580 2221 puericiani
600 2187 623 2211 A
694 2182 994 2220 adulescentiamque]
1015 2181 1302 2218 adolescentiamque
1322 2184 1412 2210 Aser
1484 2183 1562 2220 eum]
1583 2184 1684 2212 tamen
1704 2185 1725 2211 Β
1810 2187 1842 2212 11
1864 2183 1907 2221 in]
1928 2193 1981 2213 om.
1998 2186 2020 2212 Β

189 2222 408 2259 philosophiae]
427 2222 632 2259 phylosophye
652 2225 688 2257 G,
713 2221 917 2257 phylosophye
936 2224 957 2247 Τ
1048 2224 1081 2247 12
1102 2220 1291 2262 coercuisset]
1311 2221 1509 2248 cohercuisset
1528 2223 1549 2248 Β
1642 2224 1676 2248 13
1695 2221 1960 2258 pulchritudinem]
1986 2223 2095 2257 pulcri-

189 2260 323 2288 tudinem
342 2262 376 2293 Τ
395 2259 616 2295 pulchritudine
635 2261 656 2286 Β
714 2258 852 2294 speciem]
873 2257 998 2293 spetiem
1019 2260 1062 2284 Gr
1125 2260 1159 2284 14
1178 2257 1369 2322 retinuitque]
1391 2258 1515 2285 retinuit
1534 2260 1555 2285 Β
1619 2261 1653 2286 16
1673 2258 1835 2301 Brittania]
1855 2258 2006 2287 Brittania
2027 2272 2042 2287 ια
2064 2262 2095 2294 G„

188 2307 218 2326 m
238 2306 319 2333 eras,
339 2269 486 2325 Britptania
505 2299 535 2332 Β,
555 2296 709 2325 Britannia
727 2299 795 2324 AT?
877 2298 910 2323 17
931 2294 1055 2332 electus]
1080 2294 1182 2323 elect':
1212 2297 1247 2330 G,
1267 2303 1301 2330 qs
1321 2304 1392 2324 eras.
1461 2295 1645 2333 aestimaret]
1666 2295 1823 2326 extimaret
1842 2299 1862 2324 Τ
1932 2299 1967 2325 18
1986 2283 2095 2334 neque]

189 2344 243 2363 nec
262 2338 283 2363 Β
350 2335 540 2372 commeatus]
561 2336 750 2362 comeatus'l'
816 2333 977 2370 inscitiam]
1003 2333 1150 2361 iustitiam
1168 2335 1189 2360 Β
1263 2336 1295 2360 19
1321 2332 1450 2370 rettulit]
1473 2334 1576 2361 retulit
1595 2336 1687 2361 ABGT
1754 2334 1949 2377 provinciam]
1975 2335 2095 2371 prouin-

189 2373 262 2401 tiam
282 2376 306 2401 A
382 2375 416 2400 21
438 2372 635 2409 exercitatior]
657 2371 844 2400 exercitatior
862 2381 881 2398 x
901 2373 923 2398 G
999 2370 1158 2407 Brittania]
1178 2370 1326 2398 Brittania
1345 2373 1381 2404 Β,
1401 2370 1557 2398 Britannia
1576 2374 1644 2399 A'r‘>
1721 2372 1879 2408 intercepti
1901 2373 2096 2401 Puteolanus:

189 2410 318 2447 inter-sep
320 2410 345 2439 ti
359 2412 449 2438 ABGT
507 2412 542 2437 23
557 2409 737 2446 provinciae]
752 2408 900 2445 prouiutie
919 2410 944 2435 A
1001 2410 1036 2436 26
1051 2408 1217 2451 degressus]
1234 2408 1382 2444 digressus
1397 2410 1421 2435 A
1436 2417 1507 2437 corr.
1524 2411 1545 2436 Β
1603 2411 1639 2436 28
1655 2409 1874 2446 anteponendo]
1891 2410 2060 2446 appetendo
2075 2412 2097 2438 Β

190 2451 226 2476 30
245 2420 461 2485 proconsulem]
480 2447 689 2475 Procunsulem
709 2449 746 2481 A,
766 2448 870 2482 procos
890 2448 911 2473 B
977 2445 1139 2482 provincia]
1160 2445 1311 2487 prouintia
1331 2448 1354 2472 A
1431 2450 1465 2474 31
1487 2447 1532 2483 ac]
1555 2447 1585 2474 et
1604 2448 1626 2474 B
1693 2447 1861 2484 proconsul]
1883 2456 1989 2491 procos
2008 2449 2030 2475 Β

191 2486 378 2522 quantalibet
396 2485 553 2522 facilitate]
575 2484 754 2520 quantilibet
772 2483 918 2521 felicitate
938 2485 959 2510 B
1017 2486 1052 2511 32
1071 2483 1183 2512 Auctus
1204 2484 1249 2511 est
1268 2482 1310 2511 ibi
1330 2483 1401 2520 filia]
1423 2483 1535 2511 Nactus
1556 2485 1600 2512 est
1619 2484 1662 2512 ibi
1682 2484 1774 2512 filiam
1794 2487 1852 2519 GT
1871 2485 1922 2513 ced
1941 2486 1975 2513 in
1989 2488 2013 2513 G
2027 2486 2095 2514 aad.

191 2533 261 2553 corr.
277 2524 310 2552 in
329 2524 460 2561 maraine
479 2522 564 2551 Auct'
581 2532 596 2551 e
616 2522 659 2551 ibi
678 2522 740 2550 filia
816 2521 862 2559 ac]
884 2523 914 2550 et
933 2523 978 2548 AB
1055 2520 1208 2558 solacium]
1230 2520 1369 2549 solatium
1389 2523 1459 2549 ABG
1534 2524 1569 2549 33
1590 2522 1791 2560 quaesturam]
1813 2524 1949 2567 pretura
1954 2525 2097 2559 questura

190 2566 214 2589 A
289 2562 335 2599 ac]
357 2564 387 2589 et
405 2564 427 2588 Β
512 2564 548 2588 34
568 2560 680 2597 quiete]
705 2560 813 2596 quietis
834 2562 855 2587 Β
940 2559 1011 2595 otio]
1038 2559 1102 2587 0010
1122 2561 1192 2586 ABG
1276 2559 1407 2596 transiit]
1433 2560 1541 2587 transit
1560 2562 1628 2587 Aer
1714 2561 1892 2597 temporum]
1918 2561 1980 2597 ipm
2000 2563 2022 2588 Β

191 2623 226 2648 35
247 2621 402 2657 praeturae
434 2605 571 2656 praetura
592 2620 614 2645 G
675 2617 759 2646 tenor
779 2616 952 2645 Rhenanus:
973 2615 1080 2644 certior
1098 2617 1189 2643 Amr
1266 2615 1436 2653 obvenerat]
1456 2617 1487 2645 et
1502 2615 1664 2645 obuenerat
1683 2618 1704 2644 Β
1768 2619 1803 2644 36
1824 2616 1960 2656 rationis]
1981 2616 2098 2656 luxurie

191 2662 211 2686 Β
287 2618 416 2695 propior]
437 2657 571 2692 proprior
590 2658 611 2683 Β
688 2658 722 2682 37
743 2654 843 2689 effecit
863 2655 1016 2683 Heinsius:
1036 2653 1109 2682 fecit
1129 2655 1218 2681 ABGT
1295 2656 1330 2681 38
1351 2654 1445 2691 03138]
1467 2654 1561 2682 cuiuis
1581 2656 1602 2682 Β

1722 2703 1758 2729 28
