2350 2946
863 336 1245 389 CORNELII
1290 332 1552 386 TACITI

927 448 993 486 DE
1021 448 1141 486 VITA
1171 447 1234 485 ET
1265 445 1481 484 MORIBUS

741 551 1030 623 IULII
1081 546 1703 622 AG-RIOOLAE

1133 680 1282 719 LIBER

217 808 230 835 l
371 794 546 829 Clarorum
572 795 721 828 virorum
746 794 836 828 facta
860 804 1036 837 moresque
1061 795 1203 837 posteris
1229 792 1368 835 tradere,
1392 791 1578 835 antiquitus
1603 790 1775 832 usitatum,
1799 799 1841 822 ne
1866 788 1991 822 nostris
2017 787 2153 831 quidem

252 841 464 885 temporibus
495 853 698 885 quamquam
728 841 896 874 incuriosa
925 852 1062 873 suorum
1092 843 1183 873 aetas
1213 839 1336 881 omisit,
1365 838 1520 882 quotiens
1549 848 1671 881 magna
1696 836 1809 879 aliqua
1833 846 1872 869 ac
1895 834 2020 868 nobilis
2044 834 2153 867 virtus

252 888 335 922 vicit
360 899 398 922 ac
423 899 641 933 supergressa
665 889 716 921 est
741 887 862 921 vitium
886 886 999 932 parvis
1024 887 1222 933 magnisque
1247 884 1439 920 civitatibus
1464 895 1649 928 commune,
1678 882 1902 928 ignorantiam
1932 881 2017 916 recti
2046 882 2080 914 et
2105 880 2152 914 in-

253 936 387 968 vidiam.
428 935 494 968 Sed
519 935 608 979 apud
633 935 762 978 priores
788 938 825 968 ut
849 946 948 979 agere
968 935 1070 979 digna
1090 936 1275 967 memoratu
1297 945 1439 976 pronum
1460 933 1632 976 magisque
1652 931 1687 964 in
1707 933 1822 974 aperto
1843 932 1923 973 erat,
1943 929 1991 963 ita
2011 928 2154 962 celeber—

253 983 359 1014 rimus
384 982 527 1026 quisque
553 981 689 1026 ingenio
714 981 756 1014 ad
781 981 986 1025 prodendam
1011 981 1147 1013 virtutis
1173 981 1368 1013 memoriam
1394 979 1464 1011 sine
1484 978 1592 1023 gratia
1611 980 1669 1010 aut
1689 977 1872 1010 ambitione
1893 976 2000 1009 bonae
2019 977 2151 1009 tantum
2183 989 2195 1008 ⁵
2230 1017 2243 1027 Ι

254 1029 478 1062 conscientiae
512 1030 621 1073 pretio
657 1028 846 1062 ducebatur*
897 1028 947 1062 Ac
982 1028 1131 1072 plerique
1166 1040 1259 1060 suam
1296 1027 1357 1071 ipsi
1394 1026 1497 1060 vitam
1528 1037 1662 1059 narrare
1690 1024 1847 1058 fiduciam
1877 1023 1991 1068 potius
2020 1035 2153 1056 morum

254 1087 355 1118 quam
389 1075 616 1119 arrogantiam
651 1075 804 1107 arbitrati
840 1077 927 1117 sunt,
956 1086 1017 1107 nec
1046 1075 1079 1107 in
1105 1074 1236 1107 Rutilio
1266 1076 1298 1106 et
1329 1073 1453 1106 Scauro
1483 1074 1567 1106 citra
1593 1072 1693 1105 fidem
1723 1074 1782 1104 aut
1811 1071 2049 1104 obtrectationi
2079 1070 2154 1103 fuit.

254 1121 348 1155 Adeo
374 1122 517 1155 virtutes
542 1121 647 1154 isdem
673 1121 882 1165 temporibus
908 1121 1035 1165 optime
1060 1121 1288 1163 aestimantur,
1313 1120 1434 1164 quibus
1459 1119 1616 1152 facillime
1636 1119 1829 1163 gignuntur.
1868 1117 1916 1150 At
1935 1128 2025 1151 nunc
2043 1128 2153 1149 narra-

253 1171 329 1201 turo
359 1168 444 1201 mihi
474 1169 578 1201 vitam
608 1167 758 1201 defuncti
787 1167 935 1200 hominis
965 1168 1062 1200 venia
1092 1179 1177 1210 opus
1206 1167 1280 1209 fuit,
1312 1178 1411 1210 quam
1436 1178 1504 1199 non
1528 1167 1686 1209 petissem
1712 1166 1937 1198 incusatums:
1962 1167 2031 1198 tam
2057 1175 2153 1197 saeva

214 1221 233 1249 2
252 1217 286 1247 et
306 1214 429 1247 infesta
448 1214 632 1247 virtutibus
653 1216 813 1257 tempora.
853 1213 1023 1258 Legimus,
1043 1224 1119 1247 cum
1140 1213 1288 1246 Aruleno
1309 1212 1449 1245 Rustico
1469 1213 1591 1246 Paetus
1611 1211 1766 1254 Thrasea,
1786 1211 1957 1244 Herennio
1978 1210 2153 1244 Senecioni
2171 1223 2196 1244 ιο

253 1261 386 1294 Priscus
417 1260 595 1294 Helvidius
629 1260 758 1293 laudati
793 1263 913 1303 essent,
947 1261 1090 1303 capitale
1121 1260 1224 1293 fuisse
1254 1272 1362 1302 neque
1391 1260 1426 1292 in
1455 1259 1546 1302 ipsos
1576 1259 1676 1292 modo
1705 1261 1868 1300 auctores,
1898 1258 1955 1292 sed
1984 1258 2021 1292 in
2049 1257 2153 1291 libros

252 1318 386 1350 quoque
412 1318 528 1340 eorum
555 1307 719 1339 saevitum
747 1306 899 1351 delegato
924 1306 1110 1340 triumviris
1135 1305 1332 1349 ministerio,
1357 1308 1394 1338 ut
1418 1307 1635 1339 monumenta
1659 1304 1920 1338 clarissimorum
1942 1304 2153 1349 ingeniorum

252 1354 285 1386 in
312 1354 452 1387 comitio
479 1365 517 1387 ac
542 1354 617 1386 foro
643 1355 828 1386 urerentur.
878 1352 1014 1387 Scilicet
1039 1353 1097 1386 illo
1124 1353 1200 1397 igne
1225 1364 1339 1385 vocem
1365 1353 1481 1396 populi
1511 1352 1654 1385 Romani
1685 1354 1718 1385 et
1745 1351 1935 1385 libertatem
1961 1353 2096 1385 senatus
2120 1354 2155 1384 et

252 1399 492 1434 conscientiam
518 1399 651 1445 generis
676 1399 814 1433 humani
841 1399 968 1433 aboleri
988 1399 1240 1433 arbitrabantur
1259 1399 1407 1443 expulsis
1428 1399 1564 1443 insuper
1583 1399 1766 1442 sapientiae
1786 1398 2032 1443 professoribus
2053 1400 2154 1443 atque

251 1448 343 1481 omni
369 1447 457 1481 bona
483 1450 554 1481 arte
580 1447 615 1480 in
640 1447 778 1480 exilium
804 1449 886 1489 acta,
911 1459 952 1480 ne
978 1447 1059 1490 quid
1079 1458 1219 1491 usquam
1241 1447 1418 1480 honestum
1439 1449 1635 1480 occurreret.
1674 1446 1835 1480 Dedimus
1855 1445 2007 1490 profecto
2027 1445 2153 1491 grande
2169 1460 2195 1480 15

250 1494 435 1537 patientiae
460 1494 699 1528 documentum
726 1496 768 1536 et,
793 1494 880 1527 sicut
906 1496 1001 1526 vetus
1026 1496 1116 1527 aetas
1142 1493 1234 1536 vidit,
1259 1493 1340 1537 quid
1365 1493 1520 1527 ultimum
1546 1494 1581 1526 in
1605 1493 1759 1526 libertate
1784 1496 1879 1536 esset,
1904 1493 1952 1526 ita
1976 1504 2047 1536 nos,
2072 1493 2153 1537 quid

250 1541 284 1574 in
306 1540 478 1583 servitute,
497 1541 656 1583 adempto
676 1551 737 1584 per
756 1540 992 1584 inquisitiones
1013 1541 1114 1573 etiam
1134 1540 1293 1584 loquendi
1313 1540 1534 1583 audiendique
1555 1540 1762 1574 commercio.
1797 1540 1994 1573 Memoriam
2017 1551 2153 1583 quoque

211 1595 231 1622 3
250 1587 359 1631 ipsam
393 1599 469 1620 cum
500 1598 582 1620 voce
613 1587 885 1630 perdidissemus,
914 1587 939 1619 si
972 1590 1040 1620 tam
1065 1586 1100 1619 in
1129 1589 1244 1619 nostra
1273 1589 1438 1630 potestate
1468 1590 1553 1620 esset
1583 1586 1735 1620 oblivisci
1761 1598 1860 1630 quam
1887 1589 2004 1621 tacere.
2053 1586 2153 1620 Nunc

249 1633 384 1666 demum
420 1633 507 1666 redit
541 1633 687 1666 animus:
722 1636 756 1666 at
790 1644 992 1676 quamquam
1027 1634 1136 1676 primo
1172 1633 1284 1665 statim
1320 1633 1506 1666 beatissimi
1539 1633 1661 1666 saeculi
1696 1636 1773 1666 ortu
1802 1632 1915 1666 Nerva
1944 1633 2066 1666 Caesar
2099 1645 2152 1666 res

249 1679 330 1713 olim
357 1679 589 1713 dissociabiles
614 1679 796 1722 miscuerit,
820 1679 1046 1723 principatum
1073 1691 1112 1712 ac
1136 1679 1336 1721 libertatem,
1360 1681 1547 1724 augeatque
1571 1679 1720 1723 quotidie
1745 1679 1939 1713 felicitatem
1960 1682 2151 1725 temporum
2168 1693 2195 1714 πο

248 1725 363 1760 Nerva
387 1725 563 1768 Traianus,
593 1737 654 1759 nec
685 1737 776 1769 spem
804 1725 904 1759 modo
935 1737 972 1758 ac
998 1728 1113 1758 votum
1141 1726 1301 1758 securitas
1326 1726 1470 1770 publica,
1496 1726 1552 1758 sed
1578 1726 1682 1770 ipsius
1709 1727 1777 1760 voti
1803 1727 1959 1760 fiduciam
1986 1738 2024 1760 ac
2048 1727 2153 1761 robur

247 1772 487 1817 adsumpserit,
511 1775 633 1806 natura
658 1774 771 1805 tamen
797 1772 1003 1806 infirmitatis
1029 1772 1194 1805 humanae
1220 1772 1368 1805 tardiora
1393 1775 1471 1805 sunt
1495 1773 1640 1806 remedia
1661 1784 1760 1817 quam
1780 1774 1876 1817 mala,
1901 1776 1935 1807 et
1954 1776 1992 1807 ut
2012 1785 2153 1819 corpora

247 1822 365 1854 nostra
394 1820 485 1854 lente
518 1822 713 1865 augescunt,
744 1819 811 1853 cito
842 1819 1072 1864 extinguntur,
1103 1820 1150 1852 sic
1180 1819 1314 1864 ingenia
1344 1820 1519 1864 studiaque
1549 1821 1751 1864 oppresseris
1776 1821 1908 1855 facilius
1934 1833 2034 1866 quam
2060 1833 2153 1855 revo-

247 1867 384 1900 caveris.
434 1866 534 1900 Subit
565 1867 690 1910 quippe
721 1867 821 1899 etiam
854 1867 960 1910 ipsius
989 1867 1129 1899 inertiae
1159 1867 1308 1909 dulcedo,
1337 1869 1371 1899 et
1396 1866 1503 1899 invisa
1531 1868 1638 1911 primo
1664 1868 1790 1901 desidia
1814 1871 1985 1912 postremo
2011 1871 2150 1902 amatur.

246 1912 363 1955 Quid?
398 1914 426 1948 si
457 1925 518 1959 per
543 1913 732 1958 quindecim
760 1924 875 1958 annos,
899 1912 1025 1958 grande
1050 1913 1201 1947 mortalis
1225 1913 1297 1947 aevi
1323 1913 1479 1959 spatium,
1504 1914 1600 1948 multi
1625 1914 1776 1949 fortuitis
1801 1915 1944 1959 casibus,
1969 1915 2150 1962 promptis·
2166 1930 2192 1951 z<

246 1963 352 1995 simus
389 1962 532 2005 quisque
567 1961 708 1994 saevitia
742 1961 907 2004 principis
942 1961 1194 2002 interciderunt,
1226 1962 1333 2004 pauci,
1362 1964 1402 1994 ut
1431 1963 1478 1995 ita
1508 1962 1657 2006 dixerim,
1687 1975 1755 1996 non
1784 1964 1884 1997 modo
1919 1964 2062 1998 aliorum
2093 1965 2151 1998 sed

244 2008 346 2042 etiam
374 2008 482 2041 nostri
508 2007 709 2051 superstites
734 2018 851 2040 sumus
876 2007 1041 2050 exemptis
1066 2018 1084 2039 e
1110 2007 1217 2040 media
1242 2008 1312 2040 vita
1337 2009 1389 2040 tot
1418 2008 1523 2051 annis,
1548 2008 1668 2052 quibus
1697 2010 1833 2043 iuvenes
1864 2010 1905 2043 ad
1934 2013 2150 2055 senectutem,

245 2067 340 2089 senes
366 2066 473 2099 prope
497 2054 541 2088 ad
570 2054 662 2098 ipsos
688 2056 825 2087 exactae
849 2054 971 2087 aetatis
1001 2054 1162 2087 terminos
1192 2065 1252 2098 per
1281 2055 1450 2088 silentium
1481 2055 1640 2089 venimus.
1689 2056 1767 2090 Non
1796 2060 1909 2091 tamen
1938 2058 2069 2103 pigebit
2097 2058 2151 2092 vel

244 2102 417 2134 incondita
447 2112 484 2134 ac
515 2101 590 2133 rudi
621 2111 703 2134 voce
729 2100 927 2133 memoriam
958 2100 1080 2142 prioris
1106 2101 1278 2133 servitutis
1303 2112 1341 2134 ac
1366 2102 1595 2134 testimonium
1622 2105 1844 2145 praesentium
1871 2104 2037 2138 bonorum
2063 2116 2150 2139 com-

357 2202 494 2230 conum
514 2202 615 2230 Taum
636 2213 672 2230 na
693 2212 758 2230 viu
779 2212 813 2229 ετ
833 2211 952 2229 uorusvs
973 2202 1057 2229 Avm
1078 2202 1244 2229 Aomconu:
1264 2205 1295 2236 Δ,
1316 2202 1365 2230 Oai
1387 2203 1501 2231 Comeli
1521 2204 1617 2231 Taciti
1637 2205 1672 2232 de
1694 2205 1763 2233 Vita
1783 2208 1813 2233 et
1832 2207 1961 2235 moribus
1980 2207 2050 2235 Iulii
2112 2207 2150 2235 ri-

243 2240 307 2278 eole
330 2240 459 2280 ι111101111ιὶ
483 2242 518 2274 Β,
545 2239 681 2268 Consnnn
706 2239 808 2268 ΤΛοιτι
833 2249 870 2267 or.
896 2249 960 2266 VITA
985 2239 1056 2266 Ivm
1082 2240 1248 2267 Aomcoms
1273 2250 1353 2268 mssa
1378 2251 1480 2269 INCIPIT
1505 2244 1539 2276 G,
1565 2241 1691 2270 Cornelii
1711 2242 1808 2272 Taciti
1833 2244 1869 2272 de
1889 2244 1950 2273 vita
1970 2246 2001 2273 et
2019 2245 2094 2273 mori
2116 2254 2149 2273 us

243 2278 272 2307 L.
290 2278 447 2315 Agricolae
466 2278 543 2306 liber
562 2281 583 2306 Τ
674 2281 690 2305 2
711 2277 824 2314 omisit]
845 2277 976 2305 ommisit
995 2280 1021 2304 Η
1041 2281 1106 2305 teste
1126 2278 1290 2306 Decembm'o
1375 2280 1492 2316 magna]
1514 2279 1593 2307 mala
1612 2283 1633 2308 'r
1724 2284 1737 2309 7
1758 2282 1867 2320 pretio]
1887 2283 2001 2319 praetio
2020 2285 2066 2311 ΒΘ

242 2319 259 2344 8
280 2316 386 2353 isdem]
407 2316 515 2343 iisdem
535 2318 626 2343 ABGT
707 2314 917 2351 aestimantur]
937 2314 1117 2342 extimantur
1136 2318 1156 2342 Τ
1237 2318 1253 2342 9
1273 2315 1423 2353 petissem]
1445 2317 1595 2352 petiissem
1615 2320 1636 2345 Β
1721 2327 1808 2347 saeva
1827 2322 1857 2348 et
1876 2320 1996 2358 infesta]
2018 2321 2100 2359 senia
2120 2323 2151 2349 et

241 2353 373 2391 infelicia
392 2356 413 2380 B
512 2356 546 2380 10
567 2353 707 2390 Thrasea]
728 2353 827 2380 trasea
847 2354 870 2378 Δ
964 2352 1122 2389 Herennio]
1144 2352 1304 2380 herhennio
1324 2355 1345 2380 Β
1439 2353 1592 2382 Senecioni
1613 2356 1783 2385 Rhenanus:
1805 2358 1950 2386 senetioni
1969 2361 2061 2386 ΑΒΜ

244 2395 276 2419 11
298 2392 396 2419 essent
429 2392 466 2419 ab
486 2391 573 2419 initio
593 2391 729 2419 omissum
748 2398 839 2426 supra
860 2398 970 2418 versum
990 2389 1056 2417 add.
1074 2392 1096 2417 G
1172 2390 1317 2427 auctores]
1338 2392 1453 2420 autores
1468 2395 1491 2419 Δ
1568 2396 1602 2421 12
1622 2396 1821 2432 monumenta]
1843 2396 2025 2425 monimenta
2039 2399 2061 2424 Β

243 2431 278 2456 13
299 2428 373 2465 foro]
408 2437 491 2456 orum
511 2431 533 2456 B
629 2427 762 2465 Scilicet]
783 2427 861 2455 scil&
883 2429 905 2453 G
999 2428 1110 2464 vocem]
1132 2436 1184 2455 om.
1200 2430 1221 2455 Β
1318 2432 1351 2456 15
1376 2431 1552 2467 occurreret]
1572 2435 1689 2460 occurre
1709 2434 1730 2459 Β
1825 2433 1947 2472 grande]
1969 2443 2023 2463 om.
2039 2436 2060 2462 Β

243 2470 277 2494 16
298 2465 449 2504 libertate]
471 2465 618 2495 libertade
638 2469 658 2493 'r
751 2468 785 2493 17
807 2464 994 2501 commercio]
1015 2465 1154 2492 comertio
1174 2468 1205 2499 A,
1227 2466 1364 2494 comertio
1386 2469 1415 2502 G,
1436 2467 1542 2504 adepto
1563 2469 1586 2496 ἂι
1606 2470 1746 2498 comertio
1766 2472 1787 2498 Β
1882 2474 1916 2500 19
1937 2473 1969 2500 at
1987 2473 2103 2509 scripsi:
2125 2473 2149 2501 δι

240 2507 332 2532 ΔΒΘΤ
400 2507 435 2532 20
456 2504 539 2542 olim]
561 2504 640 2540 olym
662 2506 684 2531 Α
757 2502 973 2539 dissociabiles]
995 2502 1193 2531 dissotiabiles
1213 2506 1289 2538 ΔΘΤ,
1310 2504 1495 2534 dissolubiles
1515 2509 1535 2533 Β
1607 2508 1750 2546 quotidie]
1772 2510 1919 2545 quottidie
1940 2513 1983 2538 Gr
2054 2510 2149 2539 felici-

239 2560 346 2597 tatem]
367 2559 562 2604 foelicitatem
583 2563 626 2587 GT
704 2562 743 2602 21¹
760 2558 891 2596 publica]
904 2564 982 2602 „pp”
1002 2560 1022 2585 Β
1100 2562 1133 2586 22
1155 2559 1363 2604 adsumpserit]
1379 2562 1570 2598 assumpserit
1584 2566 1651 2591 Aer
1731 2564 1922 2604 infirmitatis]
1940 2549 2103 2602 infirmita,
2124 2566 2148 2595 ti

239 2598 307 2627 add.
328 2598 493 2641 mbr-zeugm-
512 2601 532 2625 'r
609 2600 645 2625 25
666 2597 808 2640 spatium]
830 2605 962 2633 spacium
983 2599 1006 2623 Δ
1082 2596 1168 2624 multi
1189 2597 1321 2633 Lipsius:
1342 2598 1441 2627 multis
1461 2602 1551 2628 nor
1626 2603 1875 2642 promptissimus]
1894 2605 2039 2641 promptis
2060 2604 2145 2633 simul

240 2639 262 2663 Θ
340 2638 375 2663 26
395 2638 429 2663 nt
449 2638 492 2663 ita
513 2636 690 2664 Rhenanus:
713 2636 743 2662 et
762 2635 806 2661 1111
827 2636 918 2661 ΑΒθΤ
994 2637 1029 2661 28
1050 2635 1183 2671 exactae]
1203 2638 1327 2671 exaptae
1348 2640 1368 2663 Τ
1444 2640 1478 2665 29
1499 2638 1661 2677 servitutis]
1682 2641 1842 2669 senectutis
1862 2644 1907 2670 ΑΒ
