2312 3005
137 143 225 170 ant
740 142 919 171 CORNELII
938 143 1064 171 'raom
1082 142 1298 172 AGRICOLAE
1318 146 1427 172 37—40
1998 141 2039 174 17

133 224 346 270 sequentium
371 225 524 259 incautos
548 227 680 261 collecti
704 230 738 262 et
761 228 912 263 locorum
935 230 1032 274 gnari
1057 230 1371 264 circumveniebant.
1419 229 1516 270 Quod
1540 231 1575 264 ni
1599 229 1760 273 frequens
1789 228 1915 272 ubique
1939 228 2037 273 Agri-

132 271 359 325 cola-validas
383 274 419 307 et
439 273 614 325 expeditas
639 274 793 309 cohortes
817 275 986 321 indaginis
1014 277 1115 310 modo
1144 278 1193 321 et,
1223 277 1331 311 sicubi
1361 277 1486 311 artiora
1515 279 1625 322 erant,
1654 277 1786 321 partem
1811 275 1964 320 equitum
1989 274 2037 308 di-

132 319 245 354 missis
277 319 386 363 equis,
419 320 521 354 s1mul
551 321 694 356 rariores
725 322 826 357 silvas
858 324 1006 367 equitem
1037 324 1222 367 persultare
1255 325 1420 368 iussisset,
1449 327 1624 368 acceptum
1656 322 1796 366 aliquod
1825 322 1948 355 vulnus
1977 333 2038 365 per

131 367 272 400 nimiam
297 366 455 399 fiduciam
480 367 576 401 foret.
625 367 780 403 Ceterum
799 370 858 403 ubi
883 370 1088 415 compositos
1113 371 1219 405 firmis
1244 371 1418 405 ordinibus
1444 372 1538 416 sequi
1563 382 1679 405 rursus
1705 369 1834 413 videre,
1859 369 1896 403 in
1919 368 2036 414 fugam

104 428 116 449 5
130 413 218 448 versi
243 424 312 447 non
337 414 539 459 agminibus,
563 417 602 449 ut
625 417 727 461 prius,
750 428 812 451 nec
836 417 922 451 alius
947 418 1049 451 alium
1076 421 1311 462 respectantes,
1329 419 1395 452 rari
1416 421 1450 452 et
1469 418 1644 452 vitabundi
1666 418 1703 451 in
1721 417 1831 450 vicem
1850 416 2037 461 longinqua

131 463 233 504 atque
252 461 327 494 avia
347 461 481 504 petiere.
515 461 607 496 Finis
627 464 785 506 sequendi
805 475 873 497 nox
893 467 927 497 et
946 464 1083 498 satietas
1102 465 1176 498 fuit.
1212 465 1316 498 Caesa
1334 466 1485 499 hostium
1505 465 1548 498 ad
1571 465 1686 498 decem
1712 463 1817 507 milia,
1842 465 2035 496 nostrorum

130 507 273 542 trecenti
297 507 474 552 sexaginta
497 509 657 553 cecidere,
682 510 714 543 in
741 511 816 555 quis
840 510 949 545 Aulus
973 510 1107 545 Atticus
1136 513 1324 556 praefectus
1353 512 1516 556 cohortis,
1542 511 1682 546 iuvenili
1707 510 1828 544 ardore
1852 513 1887 543 et
1911 509 2035 543 ferocia

131 555 209 599 equi
233 555 390 589 hostibus
415 555 547 589 inlatus.

248 602 295 636 Et
318 613 387 636 nox
412 602 547 646 quidem
572 603 694 648 gaudio
719 605 906 649 praedaque
930 606 1019 640 laeta
1043 606 1240 640 victoribus:
1266 606 1436 640 Brittanni
1461 608 1615 651 palantes
1636 606 1745 640 mixto
1765 605 1918 639 virorum
1939 604 2036 638 muli·
2053 610 2092 639 88

89 665 115 685 ιο
131 661 292 694 erumque
317 650 453 694 ploratu
477 650 607 684 trahere
631 652 831 696 vulneratos,
855 664 973 687 vocare
998 653 1158 697 integros,
1182 654 1333 687 deserere
1353 654 1472 688 domos
1492 666 1531 688 ac
1551 666 1612 697 per
1631 654 1715 686 iram
1736 653 1828 686 ultro
1849 651 2037 693 incendere,

130 697 255 742 eligere
279 696 426 730 latebras
450 699 484 730 et
509 698 623 731 statim
648 699 842 743 relinquere,
867 700 1006 734 miscere
1030 700 1066 733 in
1085 700 1192 734 vicem
1212 701 1352 734 consilia
1376 701 1540 745 factaque,
1566 700 1644 734 dein
1664 711 1829 744 separare,
1851 697 2036 743 aliquando

129 744 242 789 frangi
273 746 412 788 aspectu
444 745 623 789 pignorum
655 757 804 789 suorum,
836 747 968 791 saepius
1002 746 1171 781 concitari.
1229 747 1385 791 Satisque
1416 748 1595 781 constabat
1626 747 1773 781 saevisse
1805 746 1970 790 quosdam
2000 745 2035 778 in

130 791 292 836 coniuges
313 802 351 825 ac
370 791 505 836 liberos,
525 794 696 836 tamquam
716 793 959 828 misererentur.
992 793 1171 828 Proximus
1191 794 1262 828 dies
1282 795 1403 829 faciem
1423 795 1585 828 victoriae
1604 794 1708 828 latius
1729 794 1874 838 aperuit:
1899 796 2034 827 vastum

130 839 257 883 ubique
286 839 474 882 silentium,
504 839 625 873 deserti
649 841 764 884 colles,
787 841 951 875 fumantia
974 841 1094 886 procul
1117 844 1220 885 tecta,
1244 853 1342 875 nemo
1368 841 1638 886 exploratoribus
1664 841 1793 875 obvius.
1843 840 1973 880 Quibus
1999 840 2034 873 in

88 900 115 922 ιε,
130 897 266 920 omnem
290 888 421 930 partem
447 886 609 930 dimissis,
633 887 691 920 ubi
714 888 839 921 incerta
862 889 962 934 fugae
986 889 1129 934 vestigia
1152 900 1260 933 neque
1285 901 1428 933 usquam
1452 889 1650 934 conglobari
1676 888 1791 922 hostes
1821 890 2033 932 compertum

130 932 180 979 (et
213 936 331 968 exacta
365 933 432 968 iam
467 936 593 968 aestate
627 934 738 980 spargi
771 935 894 970 bellum
925 935 1116 981 nequibat),
1145 937 1180 970 in
1208 936 1285 970 finis
1315 936 1533 971 Borestorum
1564 936 1749 970 exercitum
1782 935 1925 969 deducit.
1981 934 2033 969 Ibi

129 982 275 1025 acceptis
300 982 476 1015 obsidibus
500 981 668 1024 praefecto
692 982 807 1015 classis
831 983 1033 1015 circumvehi
1061 983 1261 1016 Brittaniam
1291 984 1469 1026 praecipit:
1504 984 1601 1016 datae
1625 983 1667 1015 ad
1692 983 1727 1015 id
1751 983 1852 1022 vires,
1877 985 1911 1014 et
1941 993 2034 1025 prae-

130 1030 275 1062 cesserat
307 1030 424 1062 terror.
477 1026 553 1072 Ipse
584 1027 730 1072 peditem
761 1030 861 1073 atque
892 1029 1021 1073 equites
1052 1028 1143 1063 lento
1175 1029 1309 1075 itinere,
1342 1041 1408 1074 quo
1441 1041 1606 1063 novarum
1638 1029 1790 1075 gentium
1823 1028 1927 1063 animi
1960 1028 2034 1073 ipsa

129 1076 293 1109 transitus
325 1087 420 1109 mora
452 1078 665 1119 terrerentur,
696 1077 732 1109 in
761 1076 910 1109 hibernis
941 1077 1072 1110 locavit.
1120 1077 1166 1110 Et
1195 1078 1296 1109 simul
1325 1078 1441 1110 classis
1471 1076 1617 1110 secunda
1645 1078 1847 1119 tempestate
1875 1087 1915 1108 ac
1944 1076 2034 1109 fama

87 1137 114 1157 so
129 1122 388 1155 Trucculensem
413 1124 549 1166 portum
575 1122 693 1164 tenuit,
717 1122 804 1155 unde
828 1122 980 1166 proximo
1005 1133 1092 1156 anno
1116 1122 1303 1156 Brittaniae
1327 1123 1427 1156 litore
1450 1122 1620 1166 praelecto
1646 1123 1738 1155 omni
1763 1122 1897 1155 rediret.

247 1167 347 1202 Hunc
375 1180 485 1202 rerum
517 1179 665 1210 cursum,
695 1180 895 1211 quamquam
924 1170 1016 1202 nulla
1044 1169 1222 1202 verborum
1251 1168 1410 1202 iactantia
1433 1169 1588 1213 epistulis
1614 1167 1794 1213 Agricolae
1819 1171 1970 1211 auctum,
1995 1171 2033 1201 ut
2048 1172 2090 1200 8⁹

130 1217 202 1249 erat
231 1214 460 1259 Domitianus,
492 1215 603 1249 fronte
630 1215 752 1259 laetus,
780 1217 915 1259 pectore
944 1216 1060 1248 anxius
1089 1215 1221 1259 excipit.
1269 1215 1382 1249 Inerat
1406 1215 1613 1249 conscientia
1637 1215 1762 1248 derisui
1790 1215 1895 1248 fuisse
1923 1226 2034 1259 nuper

129 1262 251 1296 falsum
278 1274 296 1295 e
321 1261 501 1296 Germania
525 1262 733 1307 triumphum
758 1262 877 1306 emptis
901 1274 960 1306 per
984 1263 1195 1306 commercia,
1220 1274 1363 1306 quorum
1388 1262 1524 1296 habitus
1554 1264 1588 1296 et
1617 1262 1720 1296 crinis
1755 1262 1791 1296 in
1820 1261 2031 1306 captivorum

130 1310 275 1354 speciem
305 1310 545 1344 formarentur:
576 1311 611 1343 at
639 1321 727 1343 nunc
756 1321 866 1343 veram
895 1321 1116 1354 magnamque
1144 1310 1320 1343 victoriam
1349 1312 1402 1343 tot
1431 1309 1569 1343 milibus
1593 1309 1744 1343 hostium
1769 1310 1875 1343 caesis
1901 1309 2030 1355 ingenti

87 1372 113 1393 π
128 1357 219 1391 fama
244 1356 415 1391 celebrari.
464 1356 503 1391 Id
532 1356 598 1390 sibi
627 1357 769 1390 maxime
797 1356 1066 1399 formidolosum,
1094 1357 1216 1400 privati
1245 1356 1392 1390 hominis
1421 1368 1544 1389 nomen
1569 1368 1671 1400 supra
1694 1356 1883 1401 principem
1908 1356 2030 1389 attolli.

128 1403 268 1438 Frustra
283 1404 394 1438 studia
408 1404 475 1438 fori
496 1406 530 1438 et
549 1404 696 1437 civilium
718 1403 840 1437 artium
855 1403 953 1437 decus
969 1404 1004 1437 in
1023 1403 1193 1437 silentium
1213 1407 1296 1447 acta,
1317 1404 1345 1436 si
1365 1404 1546 1437 militarem
1567 1404 1711 1449 gloriam
1730 1404 1817 1437 alius
1838 1406 2030 1448 occuparet:

129 1454 239 1486 cetera
263 1454 446 1496 utcumque
470 1450 603 1485 facilius
628 1451 840 1495 dissimulari,
864 1450 956 1484 ducis
980 1451 1061 1484 boni
1085 1451 1333 1494 imperatoriam
1359 1451 1517 1484 virtutem
1542 1462 1624 1484 esse.
1662 1450 1802 1484 Talibus
1826 1451 1915 1484 curis
1940 1461 2031 1484 exer*

129 1500 232 1542 citus,
260 1499 418 1543 quodque
448 1510 564 1532 saevae
594 1498 808 1543 cogitationis
837 1498 994 1531 indicium
1025 1500 1109 1541 erat,
1138 1500 1264 1531 secreto
1299 1508 1360 1530 suo
1396 1498 1537 1530 satiatus
1572 1498 1738 1541 optimum
1775 1498 1810 1531 in
1841 1497 2031 1541 praesentia

129 1547 250 1580 statuit
277 1558 439 1591 reponere
469 1545 598 1590 odium,
628 1546 733 1579 donec
762 1545 906 1589 impetus
935 1545 1043 1578 famae
1072 1547 1105 1578 et
1133 1544 1227 1578 favor
1255 1544 1421 1577 exercitus
1450 1544 1696 1589 languesceret:
1725 1555 1804 1578 nam
1829 1544 1931 1578 etiam
1956 1546 2029 1577 tum

86 1609 114 1631 »ο
128 1593 290 1638 Agricola
314 1593 516 1627 Brittaniam
547 1592 730 1626 obtinebat.
779 1591 888 1636 Igitur
916 1591 1129 1635 triumphalia
1158 1593 1353 1624 ornamenta
1382 1593 1417 1623 et
1448 1591 1600 1624 inlustris
1630 1593 1762 1624 statuae
1791 1590 1956 1624 honorem
1986 1593 2029 1633 et,
2046 1594 2086 1622 4⁰

130 1640 294 1684 quidquid
320 1651 381 1684 pro
407 1639 580 1683 triumpho
606 1639 712 1683 datur,
738 1639 844 1672 multo
869 1638 1045 1671 verborum
1069 1637 1195 1671 honore
1220 1637 1390 1671 cumulata
1414 1637 1548 1671 decerni
1568 1636 1603 1670 in
1623 1639 1741 1671 senatu
1767 1636 1861 1670 iubet
1885 1637 2030 1681 addique

243 1765 256 1789 1
279 1760 365 1797 gnari
381 1761 546 1789 Dronkius:
565 1759 663 1796 ignari
683 1762 773 1787 Eabt
848 1758 878 1786 ni
898 1758 1042 1795 frequens]
1064 1757 1229 1793 infrequens
1249 1760 1266 1784 b
1343 1760 1359 1784 ‘2
1380 1757 1541 1794 indaginis]
1563 1757 1719 1794 indagines
1738 1760 1765 1784 Π
1784 1767 1819 1785 m.
1831 1767 1890 1793 pr„
1905 1766 1976 1786 corr⁴
1995 1767 2029 1785 m.

127 1808 179 1827 sec.
239 1799 360 1836 artiora]
382 1798 508 1826 arctiora
529 1808 546 1825 a
603 1797 730 1826 dimissis
751 1796 842 1833 equis,
862 1796 958 1833 simul]
979 1797 1011 1823 in
1030 1798 1056 1822 Η
1075 1796 1141 1823 add.
1156 1804 1192 1823 m.
1207 1804 1258 1823 sec.
1274 1797 1306 1823 in
1326 1796 1467 1831 maryine:
1489 1795 1618 1822 dimissis
1633 1795 1685 1831 qui
1700 1794 1833 1822 simulati
1892 1797 1909 1823 ³
1929 1794 2028 1832 silvas]

129 1837 230 1873 syluas
241 1847 258 1865 a
345 1836 475 1873 equitem
490 1835 654 1872 persultare
665 1836 833 1864 Rhenanus:
850 1833 948 1869 equite
964 1832 1118 1869 persultari
1133 1835 1208 1868 nat,
1223 1833 1337 1868 equites
1351 1832 1524 1868 perlustrari
1538 1835 1555 1860 1)
1642 1832 1787 1869 iussisset]
1803 1832 1924 1861 iunia-et
1937 1835 1965 1860 11

129 1879 145 1903 4
167 1874 313 1911 Ceterum]
336 1874 488 1903 Coeterum
509 1884 527 1901 a
567 1876 570 1878 '
607 1873 700 1910 sequi]
722 1881 809 1908 seque
829 1874 855 1899 Η
875 1881 908 1899 m.
921 1881 977 1906 pr„
992 1880 1062 1899 corr.
1077 1880 1112 1898 m.
1128 1879 1178 1898 sec.
1265 1874 1281 1897 5
1302 1871 1387 1907 versi]
1403 1870 1497 1898 uersis
1516 1873 1599 1897 abt?
1671 1873 1688 1898 6
1708 1870 1843 1907 satietas]
1860 1870 1987 1898 sacietas
2002 1880 2029 1905 av

129 1914 247 1941 sanetas
267 1915 284 1940 b
371 1912 483 1949 decem]
506 1912 577 1940 dece
596 1914 637 1946 Ης
658 1911 700 1938 ’Χ-
716 1913 732 1938 b
818 1912 833 1937 7
854 1909 976 1937 trecenti
997 1908 1160 1945 sexaginta]
1182 1907 1306 1936 trecenti
1326 1918 1361 1935 nx
1382 1918 1408 1942 a,
1428 1917 1524 1935 cccnx-
1540 1910 1557 1935 1)
1644 1907 1710 1943 quis
1730 1907 1834 1945 Aulus]
1856 1908 1908 1944 qui
1928 1907 2029 1936 saulus

129 1953 163 1985 11,
179 1951 246 1986 quis
262 1951 295 1978 Α,
312 1953 344 1984 1),
360 1951 408 1978 sed
423 1959 494 1978 corr.
510 1959 545 1977 ex
565 1959 638 1985 quus
696 1947 870 1985 praefectus]
886 1955 971 1982 praes
987 1949 1002 1973 1)
1060 1945 1193 1982 iuvenili]
1210 1945 1340 1973 iuuenali
1355 1948 1381 1972 Η
1396 1955 1430 1973 m.
1442 1954 1501 1981 pr„
1520 1954 1592 1973 corr.
1609 1954 1645 1972 m,
1661 1954 1714 1974 rec.
1778 1945 1899 1982 ferocia]
1921 1945 2029 1973 fei-otia

128 2009 154 2034 11
174 2016 209 2035 m.
221 2016 279 2043 pr„
294 2015 365 2035 corr.
381 2016 417 2034 m.
432 2015 484 2034 rec.
563 2008 579 2033 9
603 2003 760 2041 Brittanni]
786 2002 915 2031 britanni
934 2004 968 2029 t?
997 2001 1189 2036 Britannique
1208 2003 1247 2028 ab
1305 2000 1450 2037 palantes]
1472 1988 1608 2037 palantiis
1628 2011 1646 2028 a
1703 2001 1806 2038 mixto]
1823 2001 1973 2037 mixtoque
1988 2004 2028 2029 ab

130 2047 164 2072 10
180 2044 309 2081 ploratu]
319 2044 436 2080 plorato
447 2047 481 2078 Η,
492 2045 612 2079 proratu
622 2046 638 2070 b
690 2042 803 2078 vocare]
815 2041 916 2068 notare
926 2044 940 2067 t
997 2042 1029 2066 11
1046 2038 1183 2073 factaque
1197 2039 1312 2074 scripsi:
1329 2038 1430 2073 aliqua
1445 2041 1535 2065 naht
1588 2038 1666 2075 dein]
1679 2038 1788 2073 dcix-1&
1801 2048 1825 2066 e.
1840 2038 1958 2074 deinde)
1973 2041 1991 2066 1)

129 2082 276 2118 separare]
293 2090 395 2119 separe
406 2084 445 2108 ab
506 2084 539 2108 13
554 2079 769 2116 misererentur]
786 2078 935 2106 misereret
953 2079 969 2103 b
1029 2079 1063 2103 14
1077 2075 1196 2112 ubique]
1214 2075 1314 2110 ibique
1329 2078 1355 2102 11
1369 2085 1404 2103 m.
1414 2085 1469 2111 pr„
1485 2084 1555 2104 corr.
1572 2085 1607 2103 m.
1622 2084 1675 2104 sec.
1735 2076 1843 2103 deserti
1859 2076 2026 2104 Emensus:

128 2119 233 2148 secreti
248 2122 339 2147 Habt
398 2122 431 2147 15
452 2117 591 2155 dimissis]
613 2117 745 2146 demissis
764 2118 790 2143 11
809 2125 844 2143 m.
857 2124 912 2151 pr„
926 2123 997 2142 corr.
1012 2122 1047 2141 m.
1063 2122 1130 2156 sec..
1171 2113 1307 2156 sestigia]
1328 2112 1459 2157 uestigia
1476 2115 1493 2140 1)
1551 2113 1744 2156 compertum]
1765 2115 1938 2149 conpertum
1957 2123 1976 2141 a

129 2160 164 2185 16
180 2157 220 2195 et]
237 2166 290 2185 om.
306 2160 332 2184 11
347 2167 382 2186 m.
393 2166 448 2193 pr„
464 2157 530 2185 add.
541 2165 576 2184 m.
587 2164 638 2184 sec.
702 2153 823 2190 aestate]
840 2153 938 2180 extate
957 2156 970 2179 t
1027 2151 1156 2187 deducit]
1173 2160 1205 2178 m
1220 2153 1246 2178 Ε
1261 2151 1327 2179 add.
1339 2159 1375 2178 m.
1383 2159 1435 2179 sec.
1445 2160 1479 2178 ιη
1493 2159 1623 2187 marqme
1637 2150 1754 2178 reducit
1813 2153 1846 2179 1⁵1
1863 2150 2025 2188 praefecto]

127 2195 260 2231 profecto
280 2198 296 2222 1)
374 2194 561 2231 Brittaniam]
583 2192 774 2220 brittanniam
793 2193 827 2225 Η,
847 2189 1025 2217 britanniam
1045 2191 1105 2215 abt
1191 2190 1224 2216 19
1245 2188 1435 2254 terrerentur]
1453 2189 1601 2216 terrentur
1618 2190 1636 2216 1)
1722 2187 1865 2226 hibernis]
1887 2188 2027 2225 hybernis

127 2236 167 2261 ab
245 2236 280 2261 20
300 2232 535 2269 Trucculensem]
561 2231 705 2260 trutulens
729 2231 773 2258 est
792 2231 822 2263 1),
842 2229 875 2256 in
889 2230 915 2255 11
929 2227 996 2255 aad.
1011 2236 1046 2254 m.
1061 2235 1112 2255 sec.
1133 2227 1166 2254 in
1189 2227 1318 2263 marqine
1342 2228 1423 2254 trutu
1437 2229 1513 2259 ense,
1533 2227 1566 2254 in
1585 2235 1603 2253 a
1622 2225 1666 2254 A}
1680 2226 1774 2254 Trutu
1841 2236 1934 2255 anno

129 2272 302 2306 Madvigius
393 2270 567 2305 Brittaniae]
589 2268 767 2295 brittanniae
786 2269 812 2292 Η
830 2275 866 2292 m.
877 2274 934 2300 pr..
954 2264 1119 2290 britanniae
1138 2266 1164 2289 Η
1183 2272 1218 2290 m.
1234 2272 1286 2290 sec.
1302 2266 1362 2289 abt
1451 2263 1537 2290 litore
1556 2264 1699 2291 Pichena:
1720 2263 1813 2291 latere
1832 2266 1925 2290 naht

127 2307 289 2345 praelecto]
310 2307 443 2344 prelecta
462 2309 496 2341 Β,
516 2306 592 2334 lecto
613 2307 661 2340 ab,
682 2305 714 2332 in
733 2313 751 2331 a
770 2302 835 2331 add.
851 2303 883 2330 in
903 2301 1031 2338 marqine
1050 2299 1092 2328 A}
1111 2299 1270 2335 Praelecto,
1290 2301 1324 2328 in
1342 2302 1369 2327 Η
1388 2309 1423 2328 m.
1438 2308 1491 2328 sec.
1506 2299 1599 2328 latere
1618 2299 1697 2329 lecto
1774 2300 1864 2339 omni]
1885 2301 1980 2329 omnis
2000 2304 2027 2329 11

127 2356 163 2375 m.
174 2355 233 2382 pr„
248 2355 319 2375 corr.
335 2356 371 2375 m.
386 2355 436 2375 sec.
495 2344 603 2373 rediret
624 2343 806 2379 Madviyius:
826 2339 954 2369 redierat
972 2341 1063 2367 Habt
1120 2342 1153 2366 21
1174 2337 1266 2375 nulla]
1293 2338 1356 2366 ulla
1375 2341 1401 2366 Η
1421 2348 1455 2366 m.
1468 2348 1524 2374 pr„
1546 2348 1565 2366 n
1584 2348 1729 2374 suprascr.
1746 2349 1781 2366 m.
1796 2348 1859 2373 sec„
1873 2339 1936 2367 ulla
1951 2346 1978 2373 t,
1998 2340 2029 2367 in

126 2384 180 2411 illa
198 2386 215 2411 1)
307 2384 454 2420 epistulis]
476 2381 608 2418 epistolis
627 2386 663 2408 at
751 2380 869 2406 auctum
890 2377 1022 2412 Lipsius:
1047 2377 1146 2403 actum
1165 2378 1257 2403 Eabt
1352 2379 1387 2402 22
1407 2378 1471 2403 erat
1491 2375 1687 2413 Domitia-nus]
1713 2375 1899 2404 Domitianus
1919 2378 1983 2404 erat
2002 2379 2028 2408 1),

127 2421 290 2450 domitiano
310 2421 399 2450 moris
419 2422 484 2449 erat
498 2429 523 2453 a,
543 2419 592 2448 sed
610 2419 643 2447 in
661 2418 789 2454 margine
808 2415 874 2444 add.
891 2413 933 2442 A}
949 2413 1037 2441 Vteat
1051 2412 1220 2447 Domitian',
1240 2414 1273 2440 in
1287 2415 1313 2440 Η
1324 2417 1337 2441 t
1352 2413 1419 2441 add.
1435 2422 1471 2441 m.
1486 2422 1536 2442 sec.
1553 2414 1585 2440 in.
1604 2415 1736 2450 Μαι-ρέα
1755 2413 1919 2442 domitiano
1939 2414 2029 2442 moris

203 2460 325 2496 excipit]
347 2460 425 2497 cepit
443 2461 460 2485 1)
546 2459 580 2484 23
600 2454 792 2491 triumphum]
813 2452 964 2480 triumfum
983 2454 1010 2478 11
1093 2450 1277 2495 commercia]
1299 2451 1470 2495 commertia
1489 2453 1559 2478 nab
1644 2451 1782 2496 quorum]
1801 2459 1931 2497 quarum'
1946 2454 1980 2496 Β·
1991 2461 2027 2497 ni.

123 2507 180 2563 ἕξ
200 2499 503 2572 ω’ἓῶιῗῆᾋᾱωιῗΐ
514 2491 995 2565 ἑῖωηξῗὲὶὲἳῖἷῖῗῖξέω
1014 2491 1051 2561 Ξῗ
1061 2488 1303 2563 ἑοὶἒὲἒέἐοίω]
1326 2488 2028 2563 ςὲιᾘιὲἓῗέῗῗηῗοζωψὲἰέοἱῖῗῗέ.,Ρὲῗῗῗξῗ

125 2582 176 2602 sec.
254 2575 290 2601 28
310 2572 460 2615 quodque]
480 2578 594 2607 quoque
614 2571 648 2604 Η,
668 2577 704 2596 m.
719 2576 770 2596 sec.
785 2574 926 2602 suprascr.
943 2564 971 2600 d,
992 2572 1087 2600 quoue
1106 2566 1123 2591 1)
1200 2564 1318 2601 saeuae]
1340 2563 1454 2592 saeuire
1473 2566 1500 2591 Η
1518 2572 1555 2592 m.
1571 2573 1629 2600 pr„
1648 2573 1686 2592 m.
1701 2573 1753 2593 sec.
1774 2564 1838 2593 uire
1857 2565 1911 2594 del.
1927 2569 1953 2594 et
1972 2573 2028 2593 nae

126 2621 199 2641 aser.
276 2610 430 2647 indicium]
451 2608 589 2638 inditium
603 2609 630 2635 Π
643 2616 679 2635 m.
691 2615 748 2642 pr„
762 2613 833 2634 coo-ri
848 2613 884 2632 m.
900 2612 951 2633 sec.
1027 2601 1204 2645 praesentia]
1226 2603 1260 2630 in
1279 2604 1305 2630 Η
1324 2602 1392 2631 add.
1408 2611 1443 2630 m.
1459 2611 1511 2631 sec.
1527 2602 1560 2630 in
1573 2603 1705 2639 maryine
1719 2605 1807 2639 paens
1879 2607 1915 2631 ΞΘ
1933 2603 2026 2640 favor]

126 2659 145 2677 u
160 2651 193 2678 in
208 2653 235 2678 Π
250 2659 285 2678 m.
300 2658 353 2678 rec.
369 2650 403 2677 in
416 2656 473 2676 ras.
532 2644 685 2681 exercitus]
702 2643 813 2671 excitus
827 2644 845 2669 1)
902 2643 938 2668 30
953 2640 1140 2677 Brittaniam]
1158 2639 1352 2667 brittanniam
1372 2642 1398 2667 Β
1412 2649 1447 2668 m.
1459 2649 1517 2675 pr„
1536 2639 1717 2668 britanniam
1733 2643 1759 2668 Η
1773 2649 1810 2668 m.
1827 2649 1877 2669 sec.
1894 2643 1976 2669 abt?

126 2686 329 2724 triumphalia]
350 2684 514 2714 triumfalia
534 2686 559 2710 11
634 2680 774 2717 inlustris]
795 2678 919 2707 illustris
938 2681 978 2706 ab
1055 2679 1087 2705 31
1110 2677 1266 2714 quidquid]
1288 2677 1430 2713 quicquid
1451 2680 1491 2705 ab
