2350 2946
348 427 445 455 Taciti
469 427 608 463 operibus
632 426 824 455 nobilissimis
849 427 927 454 tristi
952 427 1030 464 sorte
1054 425 1172 460 obtigit,
1197 425 1230 452 ut
1254 425 1284 451 et
1310 431 1417 459 magna
1441 430 1510 458 pars
1534 420 1633 449 media
1657 427 1732 455 quae
1757 418 1876 446 vocatur
1896 417 1994 444 aetate
2015 415 2134 444 omnino

235 474 371 503 interiret
390 475 421 502 et
440 473 571 510 ipsarum
592 473 781 510 reliquiarum
803 473 912 510 singuli
939 472 1007 500 libri
1031 481 1119 500 manu
1144 469 1245 506 scripti
1270 468 1490 498 renascentibus
1514 467 1622 496 litteris
1647 465 1839 503 superessent.
1878 463 1959 497 Quae
1979 462 2134 490 calamitas

236 522 327 550 etiam
352 522 441 549 aucta
466 522 519 554 est,
544 520 623 556 quod
647 529 722 548 unus
747 520 798 549 ille
822 520 897 548 liber
921 529 1010 548 manu
1035 519 1169 555 scriptus,
1194 526 1251 553 qno
1276 517 1387 553 scripta
1406 516 1528 550 minora,
1548 514 1693 551 dialogus,
1713 511 1858 549 Agricola,
1879 509 2046 543 Germania,
2066 518 2133 537 con-

236 568 416 601 tinebantur,
437 576 503 595 cum
528 568 626 595 medio
650 567 711 595 fere
736 566 853 595 saeculo
878 577 914 595 xv
940 575 1027 603 aegre
1051 574 1086 594 ex
1105 565 1235 594 tenebris
1254 564 1451 593 bibliothecae
1470 561 1662 591 Germanicae
1681 561 1846 598 protractus
1862 558 1946 592 esset,
1962 556 2052 594 paulo
2067 557 2135 593 post

237 616 332 642 denuo
359 614 493 642 sublatus
519 616 572 648 est,
597 616 631 642 ut
654 614 684 641 in
709 614 755 641 his
781 614 898 650 scriptis
920 622 966 641 ars
992 613 1094 640 critica
1118 612 1220 647 paucis
1246 611 1329 639 libris
1354 611 1454 646 eisque
1478 609 1643 637 recentibus
1668 608 1817 635 niteretur.
1857 606 1954 640 Atque
1979 603 2134 640 Agricolae

235 662 356 697 quidem
377 661 429 688 diu
450 661 508 688 duo
529 661 599 688 dum
618 662 703 688 taxat
722 660 790 687 libri
811 660 920 687 saeculi
941 670 977 687 xv
1001 659 1063 687 noti
1088 659 1208 686 fuerunt
1228 658 1336 686 Rornae
1360 658 1391 685 in
1416 656 1596 685 bibliotheca
1615 655 1760 683 Vaticana
1780 652 1895 686 servati,
1915 660 2039 687 quorum
2059 649 2135 679 alter

236 717 253 735 a
273 707 436 744 Pomponio
458 707 549 735 Laeto
570 707 697 743 scriptus
722 715 843 734 numero
864 710 946 741 3429,
971 705 1047 734 alter
1070 714 1190 733 numero
1211 707 1282 732 4498
1303 704 1461 740 insignitus
1481 704 1533 731 est.
1574 702 1669 736 Quare
1693 699 1896 737 percommode
1917 697 2034 730 accidit,
2055 696 2133 733 quod

235 755 380 783 Ricardus
400 754 596 783 Wuenschius
617 763 694 782 anno
716 757 787 782 1896
808 754 904 782 Toleti
924 754 954 781 in
974 753 1156 781 bibliotheca
1176 751 1420 788 archiepiscopali
1435 751 1553 779 tertium
1570 750 1698 778 codicem
1713 748 1832 776 invenit.
1862 746 1918 774 Sed
1933 745 2010 773 hunc
2026 744 2134 773 librum

236 802 368 829 confeire
393 810 460 828 cum
481 801 508 828 ei
529 801 566 828 ab
587 801 725 836 episcopo
746 800 889 828 Toletano
909 809 967 827 non
987 799 1214 835 permitteretur,
1234 799 1346 826 sactum
1362 799 1415 831 est,
1431 800 1464 825 ut
1483 798 1599 824 demum
1620 805 1696 824 anno
1718 798 1788 822 1900
1804 794 1836 822 Ο.
1852 794 1946 821 Lenze
1961 801 2027 820 eum
2043 791 2134 827 inspi-

237 850 316 875 ceret
340 848 461 883 eiusque
491 848 633 875 lectiones
659 847 748 883 paulo
778 850 845 883 post
871 856 959 882 quam
989 846 1216 882 diligentissime
1243 845 1355 881 publici
1383 845 1455 872 iuris
1479 845 1589 872 faceret
1613 842 1728 879 (Philol.
1749 840 1849 878 Suppl.
1869 851 1920 868 vm
1944 849 1972 876 p.
1994 840 2067 874 513).
2107 837 2134 865 Is

236 895 328 931 igitur
348 894 439 922 codex
460 894 490 922 in
511 893 647 931 catalogo
668 903 788 922 numero
809 897 854 927 49,
870 897 885 921 2
916 894 1035 922 notatus
1060 892 1177 921 saeculo
1202 903 1239 920 xv
1264 892 1393 930 Fulginii
1418 891 1544 928 scriptus
1569 892 1613 919 est
1637 898 1655 918 a
1674 888 1819 918 Michaele
1838 886 1950 925 Angelo
1971 885 2068 915 Crullo
2087 884 2134 914 vel

236 941 341 970 Grillo:
363 950 432 969 nam
452 940 627 969 Michaelem
647 940 794 977 Angelum
815 940 939 968 Grillum
959 943 1029 969 tunc
1050 940 1181 977 Fulginii
1201 948 1320 968 munere
1341 939 1453 968 scribae
1473 938 1585 975 publici
1605 938 1737 966 functum
1757 945 1820 965 esse
1839 935 1940 964 multis
1956 933 2134 963 testimoniis

236 988 451 1023 comprobatur.
487 987 544 1020 Qui
569 996 627 1022 quo
652 996 728 1015 anno
754 987 861 1014 librum
887 987 1083 1023 descripserit,
1112 996 1165 1023 pro
1191 988 1271 1015 certo
1301 985 1450 1013 adfirmari
1475 994 1533 1013 non
1562 986 1668 1021 potest,
1697 992 1763 1011 cum
1792 982 1947 1019 Agricolae
1976 981 2038 1009 vita
2067 980 2135 1008 sub-

237 1034 396 1070 scriptione
417 1034 529 1061 careat:
550 1033 601 1060 sed
622 1033 724 1061 libello
745 1033 781 1060 de
797 1033 962 1067 Germania,
983 1033 1033 1068 qui
1053 1033 1213 1069 praecedit,
1234 1032 1431 1068 subscriptum
1451 1033 1508 1060 est:
1529 1033 1621 1062 τελως.
1655 1031 1792 1067 Fulginia*
1809 1030 1946 1065 scriptum
1964 1030 2074 1065 yerente
2093 1036 2136 1054 me

236 1082 437 1118 magistratum
453 1089 506 1117 pu.
527 1080 636 1109 scribae
657 1080 717 1109 Cal.
734 1081 801 1108 Iun.
818 1082 892 1108 1474
908 1079 965 1115 (vel
987 1082 1067 1114 1471,
1091 1082 1126 1108 ut
1146 1079 1341 1108 Wuenschius
1366 1078 1516 1114 enotavit),
1537 1079 1567 1107 et
1586 1077 1707 1106 Antonii
1731 1076 1873 1113 Campani
1897 1074 2020 1104 oratoris
2045 1075 2135 1110 atque

235 1129 341 1164 poetae
371 1127 554 1155 celeberrimi
584 1127 679 1154 oratio
707 1126 743 1154 de
773 1126 910 1154 laudibus
940 1127 1090 1161 scientiae,
1120 1135 1195 1162 quae
1224 1126 1366 1162 sequitur,
1390 1126 1465 1153 hanc
1490 1125 1733 1161 subscriptionem
1757 1124 1860 1152 habet:
1889 1123 1996 1159 scripta
2016 1131 2070 1158 per
2094 1131 2136 1149 me

238 1176 281 1203 M.
298 1175 440 1211 Angelum
467 1173 598 1202 Granum
620 1173 809 1202 Tuder-tinum
829 1174 967 1210 Fulginii
981 1183 1033 1209 pu.
1049 1174 1172 1202 scribam
1191 1182 1257 1201 non.
1279 1173 1423 1202 Decembr.
1446 1174 1528 1206 1471,
1552 1174 1586 1200 ut
1610 1172 1688 1199 intra
1711 1171 1763 1199 illa
1782 1172 1915 1206 tempora
1935 1169 2066 1197 codicem
2086 1168 2135 1197 de-

236 1221 377 1257 scriptum
403 1228 466 1248 esse
491 1220 642 1256 adpareat.
681 1219 737 1248 Hic
761 1219 837 1248 liber
861 1228 1040 1256 quamquam
1065 1220 1136 1248 item
1161 1219 1321 1248 admodum
1344 1228 1444 1248 recens
1470 1221 1523 1253 est,
1547 1220 1646 1247 tamen
1671 1218 1750 1246 haud
1769 1217 1871 1254 paucis
1889 1216 1963 1245 locis
1983 1224 2001 1244 a
2021 1215 2135 1244 duobus

235 1268 388 1296 Vaticanis
417 1268 530 1296 recedit
555 1276 590 1295 ac
615 1267 732 1303 saepius
756 1267 907 1296 meliorem
932 1267 1088 1296 lectionem
1115 1269 1218 1295 servat.
1259 1266 1343 1301 Quod
1367 1276 1444 1295 nunc
1469 1267 1559 1295 etiam
1584 1265 1691 1294 certius
1715 1264 1846 1302 profiteri
1869 1273 2032 1301 possumus,
2057 1263 2135 1299 quod

236 1315 312 1343 bono
333 1324 403 1343 casu
423 1314 513 1351 paulo
533 1316 601 1351 post
621 1314 727 1343 Caesar
742 1313 903 1342 Annibaldi
924 1314 1001 1349 Aesi,
1022 1314 1052 1342 in
1072 1314 1182 1351 oppido
1203 1313 1342 1343 Umbriae
1361 1322 1452 1350 prope
1472 1313 1543 1342 fines
1563 1312 1663 1342 Piceni
1683 1312 1749 1346 sito,
1769 1312 1798 1340 in
1820 1311 2001 1340 bibliotheca
2021 1310 2136 1340 comitis

236 1362 370 1391 Balleani
391 1364 529 1398 quartum
551 1361 705 1399 Agricolae
726 1361 857 1390 codicem
882 1362 995 1390 invenit
1020 1370 1144 1397 eumque
1169 1371 1245 1390 anno
1273 1364 1342 1390 1907
1364 1361 1584 1390 accuratissime
1603 1361 1767 1397 descripsit.
1804 1360 1832 1388 Is
1852 1360 1930 1388 enim
1950 1358 2041 1388 codex
2060 1359 2137 1387 inter

235 1409 327 1437 libros
348 1418 437 1437 manu
458 1408 583 1444 scriptos
603 1408 712 1436 latinos
733 1408 813 1436 illius
834 1408 1032 1437 bibliothecae
1052 1417 1172 1437 numero
1193 1411 1209 1437 8
1229 1409 1390 1437 recensitus
1410 1418 1445 1436 ex
1465 1408 1577 1437 duobus
1598 1407 1747 1436 codicibus
1767 1409 1891 1442 constat,
1915 1415 2038 1442 quorum
2058 1406 2138 1442 prior

235 1457 353 1484 saeculo
374 1466 403 1483 x1
429 1456 555 1491 scriptus
576 1456 692 1492 Dictyis
716 1455 915 1491 ephemeridem
940 1456 1005 1484 belli
1028 1456 1149 1484 Troiani
1168 1456 1308 1490 continet,
1333 1455 1477 1492 posterior
1504 1455 1598 1484 Taciti
1617 1455 1781 1491 Ayricolam
1801 1458 1827 1483 et
1848 1455 2043 1483 Germaniam.
2082 1452 2137 1481 Hic

235 1504 335 1531 autem
355 1502 501 1540 posterior
521 1502 612 1531 codex
632 1511 666 1530 ex
687 1511 807 1531 numero
828 1511 928 1531 eorum
947 1504 1001 1537 est,
1021 1502 1052 1531 in
1073 1503 1180 1539 quibus
1200 1502 1334 1540 reliquiis
1354 1502 1461 1532 vetusti
1482 1502 1635 1532 cuiusdam
1655 1501 1763 1531 codicis
1784 1510 1827 1537 ea,
1852 1509 1927 1537 quae
1947 1501 2077 1535 deerant,
2103 1509 2137 1529 ex

235 1550 294 1578 alio
315 1550 417 1578 codice
442 1549 557 1585 integro
583 1549 732 1585 descripta
756 1551 861 1585 postea
880 1549 984 1577 addita
1004 1552 1082 1582 sunt,
1102 1551 1180 1584 quod
1200 1549 1318 1578 saeculo
1337 1560 1374 1577 xv
1393 1550 1511 1585 saepius
1530 1549 1647 1582 accidit,
1667 1551 1701 1576 ut
1720 1552 1785 1577 octo
1805 1549 1878 1577 folia
1897 1549 1975 1576 binis
1995 1548 2137 1576 columnis

235 1598 366 1630 exarata,
381 1604 459 1632 quae
474 1595 628 1632 Agricolae
649 1595 737 1624 verba
757 1597 814 1632 (13)
833 1597 936 1625 munia
956 1596 1076 1633 impiyre
1095 1596 1198 1625 obeunt
1218 1605 1310 1633 usque
1330 1596 1366 1625 ad
1387 1597 1445 1633 (40)
1466 1596 1594 1625 libertum
1614 1604 1649 1624 ez
1668 1596 1863 1625 secretioribus
1886 1595 2054 1624 ministeriis
2073 1595 2137 1623 mis-

234 1653 298 1673 sum
328 1643 494 1677 continent,
523 1642 640 1671 saeculo
665 1653 697 1678 x,
726 1643 841 1679 reliqua
867 1643 984 1672 saeculo
1003 1654 1041 1672 xv
1068 1643 1179 1679 scripta
1206 1644 1274 1672 sint.
1313 1643 1423 1677 Quodsi
1448 1643 1520 1672 satis
1548 1644 1664 1671 constat
1690 1642 1807 1671 saeculo
1832 1653 1869 1671 xv
1893 1651 1983 1670 unum
2008 1642 2139 1671 codicem

234 1692 385 1719 vetustum
413 1690 602 1726 superfuisse,
626 1690 678 1725 qui
697 1689 794 1718 Taciti
819 1690 930 1726 scripta
955 1690 1069 1718 minora
1093 1691 1265 1725 contineret,
1290 1700 1414 1726 eumque
1434 1691 1471 1718 ab
1492 1690 1630 1718 Henocho
1651 1690 1797 1718 Asculano
1821 1690 1852 1717 in
1872 1689 1999 1725 quodam
2020 1689 2139 1717 Germa-

234 1738 301 1766 niae
327 1736 515 1771 monasterio,
540 1737 619 1773 quod
645 1736 851 1765 Hersfeldense
876 1736 966 1765 fuisse
992 1737 1054 1766 veri
1079 1737 1260 1765 simillimum
1286 1739 1338 1773 est,
1363 1739 1511 1774 repertum
1536 1745 1608 1772 esse,
1633 1737 1763 1765 dubitari
1784 1737 1843 1765 iam
1863 1745 1922 1765 non
1941 1737 2047 1773 potest,
2068 1736 2139 1772 quin

234 1787 265 1813 et
284 1784 441 1813 Henochus
461 1784 627 1813 Asculanus
652 1793 710 1812 non
736 1784 937 1820 apographum
964 1785 1026 1812 eius
1051 1785 1169 1819 codicis,
1195 1785 1274 1820 quod
1299 1785 1420 1821 quidam
1444 1785 1606 1819 voluerunt,
1632 1785 1682 1813 sed
1702 1784 1798 1821 ipsum
1819 1785 1949 1813 codicem
1970 1793 2045 1813 anno
2068 1787 2139 1813 1455

234 1840 301 1860 vere
321 1839 356 1858 ex
377 1831 535 1859 Germania
554 1830 678 1858 Romam
699 1830 856 1858 abstulerit
876 1831 905 1858 et
924 1830 970 1858 his
991 1833 1056 1858 octo
1077 1830 1156 1858 foliis
1178 1831 1288 1859 codicis
1309 1831 1456 1860 Aesinatis
1476 1831 1629 1866 quaternio
1654 1831 1763 1859 codicis
1784 1831 1965 1859 Henochiani
1985 1831 2031 1858 vel
2051 1831 2136 1858 Hers-

233 1878 374 1907 feldensis
395 1881 529 1907 servatus
549 1878 597 1906 sit.
632 1877 718 1906 Hunc
738 1878 837 1906 autem
859 1878 1082 1913 quaternionem
1102 1879 1222 1907 tertium
1243 1879 1353 1907 codicis
1368 1879 1550 1907 Henochiani
1566 1879 1656 1908 fnisse
1671 1879 1729 1907 iam
1745 1879 1849 1908 docere
1864 1887 2026 1915 possumus.
2061 1878 2135 1907 Nam

234 1926 440 1961 percommode
465 1925 577 1953 factum
602 1927 655 1958 est,
681 1924 760 1960 quod
788 1924 930 1952 Ricardus
955 1924 1117 1952 Sabbadini
1144 1925 1303 1953 Mediolani
1327 1925 1358 1953 in
1379 1925 1558 1954 bibliotheca
1582 1925 1776 1954 Ambrosiana
1796 1926 1925 1954 codicem
1946 1926 1991 1962 (R.
2007 1927 2043 1953 88
2063 1927 2137 1961 sup.)

232 1972 354 2007 invenit,
380 1972 410 2000 in
436 1981 494 2007 quo
515 1971 619 2000 Petrus
640 1970 790 2000 Candidus
815 1970 1013 2005 Decembrius,
1039 1980 1126 2008 quem
1151 1971 1189 2001 ab
1214 1981 1291 2001 anno
1312 1976 1384 2001 1450
1403 1982 1495 2009 usque
1515 1973 1552 2002 ad
1573 1982 1681 2002 annum
1703 1976 1773 2002 1456
1794 1973 1904 2002 Romae
1925 1974 1955 2001 et
1974 1972 2096 2002 Nicolao
2113 1972 2138 2001 V

232 2022 263 2047 et
283 2019 398 2048 Calixto
418 2019 457 2046 111
477 2019 516 2046 ab
536 2018 672 2054 epistulis
692 2018 782 2046 fuisse
802 2018 978 2053 accepimus,
999 2028 1029 2046 se
1049 2027 1126 2046 anno
1144 2024 1216 2048 1455
1233 2020 1343 2048 Romae
1358 2020 1488 2048 codicem
1504 2020 1581 2048 binis
1596 2021 1739 2049 columnis
1755 2021 1897 2057 scriptum
1912 2020 2020 2048 vidisse
2036 2020 2137 2054 tradit,

232 2066 283 2102 qui
300 2065 428 2095 Cornelii
444 2064 541 2093 Taciti
557 2063 756 2098 Germaniam,
771 2064 949 2101 Agricolam,
966 2064 1122 2102 Dialogum
1144 2068 1173 2094 et
1194 2066 1328 2095 Suetonii
1342 2066 1506 2102 Tranquilli
1527 2067 1562 2094 de
1583 2068 1783 2104 grammaticis
1804 2068 1834 2095 et
1848 2067 2015 2096 rhetoribus
2030 2067 2137 2095 librum

233 2113 406 2147 contineret,
435 2114 525 2148 atque
555 2111 641 2139 addit
665 2111 853 2139 Germaniam
883 2112 1039 2140 duodecim
1069 2113 1140 2141 folia
1169 2113 1250 2141 illius
1277 2114 1385 2142 codicis
1413 2115 1679 2150 comprehendisse,
1705 2115 1872 2151 Agricolam
1892 2114 2138 2150 quattuordecim,

233 2160 391 2197 Dialogum
417 2158 655 2195 quattuordecim
680 2159 771 2194 atque
797 2158 855 2186 duo
881 2167 947 2186 cum
972 2158 1105 2194 dimidio,
1132 2160 1342 2189 Suetonianum
1367 2161 1493 2197 denique
1517 2161 1650 2190 libellum
1675 2164 1796 2199 septem.
1832 2162 1911 2197 Quae
1936 2163 1961 2191 si
1985 2162 2139 2192 nobiscum

232 2207 495 2241 considerabimus,
525 2215 584 2234 non
614 2205 832 2240 dubitabimus,
862 2205 933 2241 quin
962 2206 993 2233 in
1023 2206 1213 2236 Henochiano
1242 2208 1294 2236 illo
1323 2208 1399 2237 libro
1429 2209 1602 2237 Germaniae
1626 2209 1698 2238 folia
1723 2210 1878 2238 duodeciin
1903 2211 2055 2247 complexa
2080 2211 2140 2240 sint

232 2255 360 2291 primum
385 2253 610 2289 quaternionem
636 2254 665 2279 et
689 2251 812 2280 alterius
837 2253 1038 2287 quaternionis
1063 2255 1204 2288 quattuor
1232 2254 1304 2283 folia
1331 2255 1438 2291 priora,
1467 2256 1622 2292 Agricolae
1651 2256 1723 2285 folia
1752 2258 1989 2292 quattuordecim
2018 2258 2139 2287 secundi

232 2300 436 2337 quaternionis
462 2302 603 2336 quattuor
623 2299 696 2327 folia
715 2300 888 2336 posteriora,
908 2299 1028 2327 tertium
1049 2301 1270 2336 quaternionem
1291 2303 1446 2338 quartique
1467 2303 1524 2331 duo
1544 2303 1616 2331 folia
1636 2304 1743 2340 priora,
1763 2304 1881 2342 Dialogi
1901 2305 2140 2341 quattuordecim

231 2348 305 2377 folia
325 2351 416 2384 atque
437 2348 495 2375 duo
516 2356 583 2375 cum
604 2346 728 2375 dimidio
749 2347 847 2383 quarti
868 2347 1070 2382 quaternionis
1095 2356 1144 2375 sex
1164 2348 1235 2376 folia
1255 2349 1416 2385 posteriora
1437 2352 1466 2379 et
1485 2351 1620 2387 quintum
1640 2353 1730 2388 atque
1749 2354 1863 2381 sextum
1883 2353 2090 2389 quaterniones
2110 2354 2141 2382 et

232 2395 350 2430 septimi
376 2394 481 2421 folium
504 2394 642 2429 primum,
663 2393 714 2421 sed
735 2393 779 2420 ita
798 2394 832 2420 ut
852 2395 882 2420 et
902 2393 977 2421 sexti
997 2394 1198 2428 quaternionis
1219 2404 1268 2422 sex
1288 2395 1359 2423 folia
1378 2397 1475 2432 priora
1495 2397 1537 2433 (id
1557 2398 1635 2432 quod
1655 2398 1686 2426 in
1706 2399 1906 2434 compluribus
1922 2399 2039 2436 Dialogi
2060 2401 2139 2429 eodi-

231 2441 315 2469 cibus
335 2442 426 2476 atque
441 2441 472 2467 in
488 2439 545 2468 fine
560 2439 747 2467 Perizoniani
767 2438 943 2467 Germaniae
968 2439 1069 2467 codice
1093 2440 1267 2469 adnotatum
1287 2444 1341 2477 est)
1366 2443 1427 2471 sive
1446 2444 1592 2472 vetustate
1611 2444 1672 2472 sive
1692 2453 1761 2473 casu
1782 2445 1926 2481 deessent,
1946 2455 2005 2482 qua
2025 2447 2140 2475 iactura

232 2498 310 2517 nunc
331 2488 426 2518 oratio
446 2487 543 2517 Taciti
564 2487 619 2516 sub
640 2488 727 2516 finem
747 2487 855 2524 capitis
876 2490 911 2515 35
932 2487 1004 2522 hiat,
1025 2489 1055 2516 et
1075 2488 1192 2525 septimi
1212 2490 1412 2525 quaternionis
1431 2490 1495 2519 folii
1515 2492 1603 2528 primi
1623 2492 1747 2522 dimidia
1767 2502 1835 2530 pars
1851 2493 1947 2523 Taciti
1966 2495 2057 2524 verba
2072 2505 2139 2525 con-

232 2536 350 2570 tineret,
366 2534 540 2563 Suetoniani
556 2534 653 2562 libelli
668 2535 782 2570 septem
797 2533 871 2561 folia
886 2534 1004 2570 septimi
1025 2535 1226 2570 quaternionis
1246 2536 1360 2572 reliqua
1379 2537 1450 2565 folia
1471 2540 1592 2574 septem,
1614 2541 1647 2567 ut
1667 2548 1743 2575 enm,
1762 2541 1814 2576 qui
1834 2541 1864 2569 in
1885 2541 1986 2569 codice
2006 2542 2140 2571 Aesinati

233 2591 283 2610 sex
310 2581 385 2610 folia
408 2581 566 2618 Agricolae
594 2580 756 2617 suppleret,
785 2583 815 2609 et
844 2580 908 2616 ipso
938 2581 1047 2609 codicis
1076 2581 1265 2612 Henochiano
1295 2593 1379 2612 usum
1404 2593 1466 2614 esse
1491 2588 1521 2614 et
1545 2586 1672 2622 speciem
1697 2587 1760 2615 eius
1790 2589 1953 2625 exprimere
1982 2589 2141 2626 diligenter

234 2629 382 2658 studuisse
403 2629 554 2667 adpareat.
591 2628 694 2665 Neque
715 2636 852 2657 numerus
869 2637 1002 2656 versuum
1023 2628 1203 2665 singulorum
1224 2630 1389 2660 libellorum
1410 2634 1518 2661 notatis
1538 2633 1703 2663 Decembrii
1725 2635 1905 2672 adversatur,
1930 2637 1955 2665 si
1975 2645 2075 2666 versus
2095 2637 2140 2665 in-
