2350 2946
178 614 219 642 36

234 143 275 176 16
845 143 1022 173 CORNELII
1043 142 1168 172 TACITI
1187 141 1404 171 AGRIOOLAE
1424 143 1532 170 86-37
2053 142 2144 167 Eabt

231 233 412 264 consecuta
442 234 508 275 est,
540 232 723 276 statimque
753 232 794 265 ad
824 243 917 265 arma
946 231 1142 264 discursum.
1191 229 1374 263 Instinctos
1403 229 1604 271 ruentesque
1634 227 1682 260 ita
1712 225 1893 270 disposuit,
1923 228 1962 259 ut
1990 226 2143 270 peditum

231 277 373 322 auxilia,
399 289 486 322 quae
511 281 588 312 octo
612 278 746 312 milium
772 281 881 322 erant,
906 277 1049 312 mediam
1074 277 1179 311 aciem
1204 276 1392 319 firmarent,
1417 274 1568 318 equitum
1593 273 1660 307 tria
1684 273 1778 307 milia
1800 271 1959 306 cornibus
1984 272 2143 307 adfunde-

232 326 364 359 rentur:
388 325 542 370 legiones
565 337 628 370 pro
653 327 743 360 vallo
769 328 904 369 stetere,
929 325 1047 370 ingens
1071 323 1232 358 victoriae
1256 323 1356 356 decus
1381 321 1464 355 citra
1487 320 1679 355 Romanum
1710 319 1909 365 sanguinem
1939 319 2081 354 bellanti
2111 322 2145 354 et

232 372 410 415 auxilium,
434 373 463 405 si
487 374 703 416 pellerentur.
751 373 1004 406 Brittannorum
1030 371 1116 404 acies
1142 371 1177 403 in
1202 370 1345 413 speciem
1371 368 1471 401 simul
1496 379 1534 401 ac
1559 369 1720 400 terrorem
1744 366 1944 400 editioribus
1964 366 2047 399 locis
2068 377 2145 400 con—

233 420 368 453 stiterat
392 420 450 463 ita,
474 421 514 453 ut
538 419 685 464 primum
711 430 829 465 agmen
853 419 888 452 in
913 429 1029 462 aequo,
1054 417 1155 451 ceteri
1175 427 1235 461 per
1254 414 1382 449 adclive
1402 414 1519 459 iugum
1541 413 1658 447 conexi
1679 413 1772 447 velut
1791 413 2014 458 insurgerent,
2034 412 2145 447 media
2175 428 2186 448 ε.

234 466 345 510 campi
372 467 588 500 covinnarius
612 478 715 510 eques
741 466 883 510 strepitu
908 477 947 498 ac
971 465 1121 498 discursu
1148 463 1334 507 conplebat.
1372 461 1457 494 Tum
1479 460 1641 505 Agricola
1660 462 1840 504 superante
1859 459 2010 493 hostium
2032 460 2145 493 multi-

234 513 352 546 tudine
382 514 525 556 veritus,
554 525 595 546 ne
626 512 757 558 [simul]
787 513 821 545 in
851 512 995 545 frontem
1025 511 1126 544 simul
1155 512 1188 543 et
1217 510 1322 543 latera
1353 519 1491 541 suorum
1521 509 1744 553 pugnaretur,
1779 506 1924 540 diductis
1959 506 2145 551 ordinibus,

235 572 441 604 quamquam
466 561 654 604 porrectior
677 561 765 594 acies
789 560 902 593 futura
926 562 998 592 erat
1022 561 1056 591 et
1079 556 1291 591 arcessendas
1320 555 1472 599 plerique
1502 555 1652 599 legiones
1682 554 1922 598 admonebant,
1952 555 2145 599 promptior

235 607 272 640 in
306 619 401 651 spem
436 609 470 640 et
504 607 622 640 firmus
657 606 803 640 adversis
838 606 975 639 dimisso
1010 616 1096 649 equo
1126 604 1228 649 pedes
1257 605 1333 636 ante
1362 602 1486 635 vexilla
1515 601 1676 635 constitit.
1731 600 1782 634 Ac
1815 601 1926 646 primo
1961 612 2144 647 congressu

237 654 370 688 eminus
396 654 601 688 certabatur:
626 654 793 698 simulque
814 653 1010 697 constantia,
1030 652 1132 686 simul
1152 654 1223 685 arte
1243 649 1411 684 Brittanni
1432 649 1628 694 ingentibus
1648 648 1771 694 gladiis
1791 651 1825 682 et
1844 649 2001 683 brevibus
2022 649 2144 683 caetris
2161 665 2187 685 ιο

238 702 380 735 missilia
409 704 603 734 nostrorum
634 702 739 734 vitare
769 701 821 733 vel
851 703 1006 734 excutere
1041 702 1141 743 atque
1174 698 1239 742 ipsi
1274 709 1431 742 magnam
1467 697 1535 730 vim
1570 696 1714 729 telorum
1750 696 2005 740 superfundere,
2040 696 2145 730 donec

238 747 399 792 Agricola
425 750 586 792 quattuor
611 747 814 781 Batavorum
840 747 994 780 cohortes
1019 758 1057 779 ac
1081 745 1293 791 Tungrorum
1319 744 1401 777 duas
1426 742 1623 777 cohortatus
1648 744 1713 787 est,
1742 744 1780 776 ut
1804 755 1875 777 rem
1900 743 1941 777 ad
1967 754 2145 777 mucrones

237 807 276 829 ac
301 807 421 828 manus
446 795 657 829 adducerent.
706 794 802 834 Quod
832 796 865 827 et
893 794 975 838 ipsis
1006 795 1171 827 vetustate
1200 791 1338 825 militiae
1369 790 1589 824 exercitatum
1620 792 1654 824 et
1685 789 1842 824 hostibus
1867 789 2017 824 inhabile
2041 802 2146 835 parva

238 844 335 877 scuta
354 844 388 876 et
408 853 561 876 enormes
581 841 712 887 gladios
733 841 940 886 gerentibus:
964 853 1041 874 nam
1062 840 1314 874 Brittannorum
1340 838 1445 884 gladii
1466 837 1539 871 sine
1558 849 1718 872 mucrone
1739 837 1952 882 complexum
1973 849 2143 872 armorum

237 892 271 923 et
296 889 330 922 in
356 892 430 923 arto
455 901 603 934 pugnam
629 900 695 922 non
722 888 917 922 tolerabant.
960 887 1070 932 Igitur
1094 890 1132 920 ut
1151 887 1270 920 Batavi
1296 886 1435 919 miscere
1461 886 1557 929 ictus,
1582 886 1680 920 ferire
1706 885 1922 929 umbonibus,
1947 895 2007 918 ora
2030 885 2145 919 fodere
2163 900 2187 921 ιε»

237 939 271 970 et
295 937 423 981 stratis,
448 937 506 980 qui
531 937 565 970 in
590 947 696 980 aequo
723 935 928 977 adstiterunt,
953 936 1080 979 erigere
1106 935 1139 968 in
1165 935 1266 981 colles
1291 933 1395 966 aciem
1422 944 1570 977 coepere,
1591 935 1721 967 ceterae
1741 932 1898 966 cohortes
1918 932 2144 966 aemulatione

237 985 271 1017 et
301 984 430 1028 impetu
461 984 593 1017 conisae
623 984 793 1028 proximos
826 994 977 1026 quosque
1006 981 1149 1015 caedere.
1204 981 1252 1015 Ac
1282 980 1435 1025 plerique
1465 980 1648 1014 semineces
1679 987 1739 1013 aut
1772 980 1896 1025 integri
1927 979 2145 1014 festinatione

237 1031 398 1063 victoriae
422 1030 706 1072 relinquebantur.
755 1029 891 1062 Interim
917 1029 1069 1071 equitum
1094 1031 1238 1070 turmae,
1265 1032 1297 1060 ut
1322 1027 1439 1071 fugere
1464 1028 1665 1070 covinnarii,
1691 1027 1842 1071 peditum
1870 1038 1905 1060 se
1929 1027 2058 1071 proelio
2085 1027 2145 1060 mi-

238 1087 360 1111 scuere.
415 1075 460 1110 Et
492 1088 693 1121 quamquam
728 1080 891 1110 recentem
924 1077 1085 1109 terrorem
1118 1074 1313 1118 intulerant,
1345 1074 1456 1109 densis
1486 1077 1599 1109 tamen
1628 1074 1779 1108 hostium
1809 1074 2003 1120 agminibus
2034 1075 2067 1108 et
2097 1074 2145 1108 in—

238 1124 435 1167 aequalibus
464 1124 547 1157 locis
577 1124 772 1157 haerebant.
804 1123 1008 1165 minimeque
1038 1134 1144 1165 aequa
1173 1123 1299 1155 nostris
1330 1123 1395 1154 iam
1427 1133 1560 1166 pugnae
1589 1122 1692 1155 facies
1718 1124 1805 1163 erat,
1829 1133 1905 1154 cum
1931 1133 2031 1165 aegre
2057 1121 2144 1154 clivo
2160 1135 2187 1155 so

238 1171 401 1203 instantes
428 1171 527 1202 simul
553 1180 712 1212 equorum
739 1169 936 1212 corporibus
962 1169 1221 1212 impellerentur.
1256 1168 1306 1201 Ac
1327 1179 1426 1212 saepe
1447 1168 1523 1213 vagi
1545 1179 1671 1211 currus,
1691 1168 1843 1201 exterriti
1864 1168 1936 1201 sine
1956 1167 2144 1201 rectoribus

238 1216 326 1259 equi,
350 1220 386 1249 ut
413 1227 578 1259 quemque
602 1215 745 1248 formido
770 1215 903 1249 tulerat.
928 1218 1135 1248 transversos
1160 1217 1218 1247 aut
1244 1215 1362 1248 obvios
1388 1215 1616 1248 incursabant.
1664 1213 1710 1247 Et
1735 1214 1921 1257 Brittanni,
1947 1214 2006 1257 qui
2034 1213 2144 1247 adhuc

238 1274 371 1308 pugnae
401 1272 552 1306 expe-nes
584 1274 712 1294 summa
742 1262 877 1295 collium
909 1262 1099 1295 insederant
1128 1264 1161 1294 et
1190 1262 1396 1305 paucitatem
1422 1264 1616 1295 nostrorum
1642 1261 1739 1295 vacui
1764 1261 1982 1305 spernebant,
2006 1261 2143 1306 degredi

238 1309 401 1354 paulatim
428 1320 459 1342 et
485 1310 659 1342 circumire
683 1317 777 1354 terga
802 1309 1005 1343 vincent-ium
1028 1312 1217 1353 coeperant,
1237 1309 1271 1342 ni
1294 1309 1328 1343 id
1348 1308 1459 1354 ipsum
1480 1308 1607 1343 veritus
1629 1308 1790 1354 Agricola
1809 1310 1972 1353 quattuor
1991 1308 2143 1353 equitum

237 1357 307 1390 alas
338 1357 378 1390 ad
410 1357 518 1389 subita
550 1357 627 1389 belli
657 1362 804 1390 retentas
834 1356 1045 1389 venientibus
1079 1357 1305 1400 opposuisset,
1340 1359 1535 1400 quantoque
1569 1356 1716 1390 ferocius
1749 1359 2018 1400 accucurrerant,
2046 1358 2143 1390 tanto
2159 1370 2185 1391 2⁵

237 1405 347 1437 acrius
372 1403 485 1447 pulso:-
512 1405 545 1436 in
570 1404 683 1448 fugam
710 1403 900 1436 disieeisset.
949 1402 999 1437 Ita
1026 1403 1204 1436 consilium
1231 1403 1487 1437 Brittannorum
1513 1403 1547 1436 in
1574 1403 1667 1447 ipsos
1692 1414 1842 1447 versum,
1868 1405 2143 1448 transvectaeque

238 1461 415 1495 praecepto
442 1450 532 1483 dic-,s
559 1463 576 1483 a
601 1451 711 1483 fronte
736 1451 958 1496 pugnantium
984 1450 1056 1483 alae
1076 1463 1227 1485 aversam
1247 1452 1398 1484 hostium
1419 1452 1524 1485 aciem
1547 1451 1707 1484 invasere.
1741 1450 1827 1484 Tum
1849 1462 1927 1484 vero
1948 1450 2144 1495 patentibus

237 1499 320 1531 locis
346 1498 471 1542 grande
497 1509 528 1530 et
555 1508 649 1531 atrox
675 1499 914 1541 spectaculum:
941 1499 1045 1542 sequi,
1070 1498 1255 1541 vulnerare,
1280 1510 1399 1542 capere
1429 1501 1530 1542 atque
1560 1499 1694 1532 eosdem
1720 1497 1843 1531 oblatis
1869 1498 1945 1531 aliis
1966 1497 2143 1532 trucidare.

236 1544 307 1578 Iam
334 1544 493 1579 hostium.
518 1554 616 1588 prout
643 1545 761 1588 cuique
787 1545 958 1590 ingenium
984 1547 1064 1587 erat,
1090 1547 1242 1578 catervae
1267 1547 1474 1578 armatorum
1501 1545 1718 1590 paucioribus
1744 1546 1839 1590 terga
1864 1547 2046 1589 praestare,
2072 1545 2144 1589 qui-

237 1591 313 1624 dam
340 1591 481 1624 inermes
508 1592 595 1624 ultro
621 1603 714 1624 ruere
739 1603 776 1624 ac
802 1603 837 1625 se
862 1592 962 1625 morti
988 1592 1120 1625 offerre:
1149 1593 1275 1636 passim
1301 1604 1395 1625 arma
1420 1594 1453 1625 et
1478 1604 1619 1636 corpora
1644 1595 1677 1625 et
1702 1592 1802 1625 laceri
1828 1595 1920 1625 artus
1946 1594 1979 1625 et
2005 1594 2144 1625 cruenta
2159 1606 2185 1626 sn

236 1638 367 1671 humus.
408 1637 451 1670 Et
477 1638 655 1680 aliquando
681 1639 780 1671 etiam
808 1639 904 1671 vietis
930 1639 978 1671 ira
999 1639 1184 1682 virtusque.
1218 1638 1403 1682 Postquam
1426 1639 1520 1672 silvis
1541 1639 1909 1683 adpropinquaverunt,
1929 1639 1994 1671 iam
2016 1639 2144 1683 primos

351 1752 364 1775 l
387 1749 554 1783 consecuta]
577 1752 753 1784 consequuta
775 1759 799 1776 a.
821 1753 977 1784 consequta
998 1753 1014 1776 b
1098 1753 1114 1776 2
1135 1750 1368 1778 adfunderentur
1400 1750 1621 1778 affunderentur
1640 1752 1699 1777 abt
1785 1753 1801 1776 3
1823 1749 1948 1777 bellanti
1969 1750 2142 1778 Rhenanus:

236 1785 368 1814 bellandi
392 1788 482 1813 Eabt
558 1790 572 1812 4
599 1785 826 1823 Brittannorum]
856 1787 1060 1815 Britannorum
1086 1790 1168 1815 abt?
1254 1788 1373 1816 editiori
1395 1788 1440 1825 us]
1468 1787 1646 1816 edicioribus
1671 1790 1697 1815 11
1724 1797 1757 1815 m.
1770 1797 1827 1824 pr„
1848 1787 2024 1825 editioribus
2044 1797 2062 1815 a

236 1827 251 1850 5
273 1833 377 1860 agmen
402 1823 432 1850 in
457 1831 559 1858 aequo,
585 1824 672 1852 ceteri
699 1825 853 1852 Bekkerus:
880 1825 1014 1860 agminae
1039 1835 1097 1860 quo
1123 1825 1213 1854 ceteri
1234 1828 1268 1859 Η,
1289 1827 1321 1854 in
1341 1835 1395 1862 quo
1416 1827 1447 1853 in
1468 1827 1598 1863 margine
1617 1835 1652 1853 m.
1668 1835 1719 1854 sec.
1736 1826 1802 1854 add.
1820 1834 1878 1861 quo
1899 1826 1999 1860 steter,
2026 1825 2143 1862 agmine

235 1870 293 1897 quo
314 1861 405 1890 ceteri
425 1866 445 1894 t,
466 1861 582 1895 agmine
602 1870 660 1897 quo
680 1862 786 1889 coeteri
807 1872 832 1894 a,
853 1863 968 1898 agmine
989 1872 1046 1899 quo
1067 1863 1157 1900 ceteri
1177 1866 1194 1890 b
1281 1863 1384 1892 conexi
1405 1864 1556 1892 Halmius:
1578 1864 1700 1892 conuexi
1720 1866 1811 1891 Habt
1908 1866 1923 1892 6
1945 1863 2141 1899 covinnarius]

235 1899 444 1927 conuinnarius
464 1901 540 1932 Eat.
561 1899 726 1927 couinarius
747 1902 762 1926 b
857 1909 944 1935 eques
965 1901 1100 1937 strepitu]
1127 1901 1328 1937 equestrepitu
1350 1904 1376 1929 n
1395 1911 1430 1929 m.
1446 1911 1491 1937 pr.
1587 1901 1755 1938 conplebat]
1778 1901 1948 1937 complebat
1967 1904 2049 1929 abt?

235 1940 250 1964 7
274 1936 385 1974 [simul]
407 1936 459 1964 del.
476 1936 654 1964 Froelichius
737 1936 841 1974 latera]
863 1938 956 1966 altera
976 1941 992 1965 b
1088 1942 1104 1966 8
1125 1939 1326 1976 arcessendas]
1354 1940 1384 1967 in
1405 1942 1431 1966 11
1451 1940 1518 1968 add.
1535 1941 1568 1967 in
1587 1940 1718 1976 marqine
1738 1949 1773 1967 m.
1789 1948 1840 1967 sec.
1857 1939 2049 1967 accersendas

234 1974 378 2011 leg-iones]
399 1973 526 2010 legionis
545 1976 571 2000 Η
588 1984 621 2002 m.
634 1983 691 2009 pr„
710 1983 780 2002 corr.
796 1984 831 2002 m.
848 1984 898 2002 see.
976 1979 1010 2003 10
1031 1976 1189 2013 Brittanni]
1212 1977 1347 2004 Britanni
1367 1979 1451 2005 abt?
1524 1977 1645 2014 caetris]
1667 1977 1776 2005 coetris
1795 1987 1821 2011 a,
1841 1977 1929 2005 eetris
1949 1979 1966 2004 b
2041 1980 2072 2004 11
2095 1985 2143 2005 ex-

235 2011 345 2048 cutere]
367 2013 535 2038 excuterere
555 2016 568 2038 t
642 2015 694 2069 Β12
720 2013 868 2048 quattuor]
891 2015 1017 2048 quatuor
1037 2019 1057 2047 t,
1082 2023 1135 2041 orn.
1152 2017 1190 2041 ab
1286 2015 1477 2051 Batavorum]
1503 2016 1698 2042 uataeuorum
1718 2017 1753 2048 Η,
1772 2015 1822 2043 sed
1841 2023 1877 2042 m.
1893 2023 1946 2043 sec.
1962 2023 1977 2041 e
1997 2015 2050 2042 del.
2067 2017 2093 2042 et
2111 2015 2142 2042 in

234 2077 363 2113 marqine
384 2077 450 2104 add.
466 2076 622 2111 batauors„
642 2076 822 2104 Vatauorum
844 2088 860 2104 a
958 2083 990 2105 13
1015 2081 1161 2107 vetustate
1186 2080 1321 2117 militiae]
1347 2079 1609 2108 uetustatenniliae
1630 2083 1656 2108 Η
1751 2079 1894 2117 inhabile]
1921 2079 2098 2107 inabitabile
2118 2082 2144 2107 Η

233 2142 268 2162 m.
281 2142 339 2170 pr.⁹
359 2142 431 2161 corr.
448 2142 484 2160 m.
499 2141 550 2176 sec.
631 2136 665 2160 14
685 2132 915 2171 Brittannomm]
939 2134 1143 2163 Britannorum
1165 2138 1223 2163 abt
1234 2140 1246 2164 ¹?
1323 2137 1480 2174 armorum]
1499 2124 1646 2171 armi'irum
1662 2147 1679 2164 a
1749 2140 1782 2164 15
1799 2137 1863 2164 arto
1881 2136 2019 2165 Medicis:
2041 2137 2143 2172 aperto

233 2174 324 2199 Eabt
401 2171 517 2207 Batavi]
539 2170 641 2197 uatabi
661 2173 714 2205 Et,
734 2172 835 2198 uataui
857 2182 874 2198 a
949 2173 1135 2209 umbonibus]
1157 2176 1231 2207 ictus
1252 2174 1428 2202 umbonibus
1448 2184 1466 2201 a
1541 2174 1643 2202 fodere
1663 2176 1694 2202 et
1714 2174 1814 2202 stratis
1835 2174 2002 2202 Ernesrius:
2023 2173 2143 2202 foedare

233 2210 264 2237 et
278 2208 365 2236 tratis
381 2210 462 2242 Bab,
482 2207 603 2236 foedare
619 2209 649 2235 et
664 2208 766 2236 tractis
786 2213 806 2240 t,
829 2210 860 2236 in
880 2212 928 2236 Ha
948 2210 1014 2237 add.
1032 2211 1063 2237 in
1082 2212 1211 2246 margine
1232 2211 1316 2239 foede
1337 2212 1409 2239 recti
1430 2213 1522 2240 trates
1542 2211 1591 2239 uel
1611 2214 1706 2240 traces
1762 2215 1795 2239 16
1817 2212 1923 2249 aequo]
1946 2220 2021 2247 equo
2041 2214 2079 2239 bt

234 2245 369 2283 coepere]
390 2253 495 2282 capere
515 2247 532 2273 b
595 2245 719 2282 ceterae]
742 2248 874 2274 coeterae
896 2249 935 2274 ab
1012 2247 1218 2285 aemulatione]
1237 2249 1416 2279 emulatione
1436 2253 1453 2277 b
1533 2253 1565 2278 17
1587 2250 1716 2287 conisae]
1734 2250 1872 2278 connisae
1888 2253 1928 2277 ab
2007 2253 2041 2277 18
2061 2250 2144 2286 equi-

232 2285 307 2320 tum]
330 2284 483 2319 aequitum
503 2286 529 2310 11
605 2288 643 2311 ut
662 2284 728 2311 add.
746 2284 938 2312 Doederlinus
1013 2285 1183 2321 covinnarii]
1206 2287 1391 2314 conuinnarii
1411 2291 1450 2314 ab
1532 2287 1656 2323 proelio]
1678 2288 1773 2324 prelio
1793 2290 1810 2313 b
1908 2291 1942 2314 19
1963 2295 2143 2322 quamquam

231 2321 391 2358 recentem]
413 2323 491 2356 qum}
512 2321 644 2348 recentes
664 2322 692 2363 b·
767 2323 802 2348 20
824 2329 916 2356 aequa
941 2321 1047 2349 nostris
1067 2322 1126 2350 iam
1146 2324 1341 2359 Anquetilius:
1372 2325 1522 2360 equestres
1543 2332 1577 2352 ea
1597 2324 1676 2353 enim
1696 2327 1759 2360 Hb,
1787 2324 1836 2353 sed
1856 2324 1888 2352 in
1908 2327 1934 2352 Η
1953 2333 2024 2353 corr.
2040 2333 2076 2353 m.
2091 2332 2142 2353 sec.

232 2377 378 2414 equestris
398 2377 426 2406 ei
447 2377 535 2411 enim,
561 2364 712 2413 equestres
727 2387 762 2406 ea
778 2387 813 2404 ·n-
831 2383 850 2411 t,
867 2380 1028 2414 equestres:
1045 2367 1079 2407 ed
1100 2380 1177 2407 enirn
1198 2391 1215 2407 a
1291 2391 1377 2418 aegre
1399 2382 1474 2410 clivo
1494 2382 1640 2410 instantes
1659 2382 1886 2410 &choemammae
1910 2390 2000 2418 aegra
2020 2382 2071 2410 diu
2092 2384 2145 2410 aut

232 2418 331 2443 stante
350 2418 391 2450 11,
416 2424 487 2452 egra
513 2416 564 2442 diu
590 2417 641 2442 aut
662 2416 759 2442 stante
779 2418 838 2442 abt
932 2419 965 2443 21
987 2418 1137 2453 equorum]
1164 2426 1321 2453 aequorum
1341 2421 1367 2445 Η
1387 2429 1422 2447 m..
1436 2428 1492 2454 pr„
1507 2428 1578 2447 corr.
1595 2429 1631 2447 m.
1647 2427 1698 2447 sec.
1785 2419 1929 2457 exterriti]
1951 2419 2098 2447 exterritis
2117 2422 2144 2447 11

230 2463 266 2482 m.
281 2462 336 2490 pr„
357 2461 430 2482 corr.
446 2463 482 2481 m.
498 2462 549 2482 sec.
628 2455 663 2480 22
684 2451 844 2489 Brittanni]
867 2452 995 2481 britanni
1015 2455 1095 2483 abt?
1182 2457 1216 2482 23
1237 2457 1380 2494 expertes]
1402 2457 1530 2493 expertis
1550 2460 1618 2485 Eat
1696 2457 1820 2494 summa]
1843 2460 1956 2492 sinnam
1977 2467 1995 2485 a
2071 2465 2143 2494 pau-

231 2491 363 2528 citatem]
384 2491 538 2528 paucitate
558 2494 584 2517 Η
604 2500 640 2518 m.
653 2499 709 2526 pr„
729 2499 800 2518 corr.
819 2500 852 2517 m.
868 2500 919 2518 sec.
991 2492 1178 2530 spernebant]
1201 2494 1380 2530 spernebant
1399 2497 1425 2522 Η
1445 2504 1480 2523 m,
1493 2503 1551 2532 pr„
1571 2504 1642 2524 corr.
1659 2504 1694 2524 m.
1710 2504 1761 2525 sec.
1834 2495 1967 2533 degredi]
1990 2494 2106 2532 digredi
2126 2497 2143 2523 b

307 2533 342 2557 24
362 2530 403 2566 et]
425 2538 460 2558 ac
480 2532 497 2557 b
584 2528 749 2565 circumire]
777 2528 899 2556 circuire
919 2533 935 2556 b
1021 2532 1188 2567 coeperant]
1216 2535 1354 2568 ceperant
1373 2536 1389 2559 b
1476 2534 1518 2569 ni]
1540 2534 1570 2561 in
1590 2537 1607 2560 b
1685 2534 1836 2570 quattuor]
1857 2536 1985 2569 quatuor
2004 2536 2064 2560 abt

231 2570 266 2594 25
283 2567 395 2604 subita]
411 2567 532 2595 subbita
546 2571 559 2594 t
617 2567 854 2602 accucurrerant]
872 2569 1057 2594 occurrerant
1072 2569 1089 2593 b
1157 2571 1191 2595 26
1207 2569 1318 2606 pulsos]
1336 2569 1420 2604 pulso
1436 2573 1462 2597 11
1478 2580 1512 2598 m.
1520 2579 1577 2606 pr„
1593 2579 1664 2599 corr.
1677 2580 1712 2598 m.
1723 2579 1774 2599 sec.
1833 2570 2067 2607 Brittannorum]
2084 2570 2142 2597 bri-

231 2606 388 2633 tannorum
404 2606 464 2632 abt
525 2604 652 2642 versum]
673 2612 776 2632 uersus
796 2608 809 2631 t
877 2606 911 2631 28
934 2604 1032 2641 atque]
1055 2604 1151 2640 adque
1171 2608 1196 2632 Η
1211 2615 1246 2634 m.
1265 2616 1320 2642 pr„
1334 2616 1405 2636 corr.
1421 2617 1458 2636 m.
1473 2617 1524 2637 sec.
1584 2608 1703 2646 oblatis]
1725 2608 1833 2637 ablatis
1853 2611 1936 2638 abt?
2003 2611 2038 2637 29
2058 2617 2142 2645 prae-

231 2643 319 2680 stare]
342 2644 374 2672 in
394 2645 421 2670 11
440 2652 475 2671 m.
495 2651 547 2672 sec.
564 2642 631 2671 add.
652 2643 686 2670 in
704 2643 835 2679 maryine
860 2641 948 2678 phere
1044 2645 1077 2671 31
1105 2643 1219 2681 humus]
1246 2644 1341 2673 lumus
1361 2648 1387 2673 Η
1406 2655 1442 2674 m.
1456 2655 1512 2682 pr„
1531 2655 1602 2675 corr.
1618 2656 1655 2675 m.
1670 2655 1721 2675 sec.
1819 2647 2141 2683 adpropinquaverunt]

231 2681 544 2716 appropinquauerunt
566 2683 615 2714 ab,
637 2680 927 2716 apropinquauerunt
949 2686 960 2707 t
1037 2680 1094 2707 iam
1115 2682 1230 2716 xoripsi:
1252 2690 1318 2709 nain
1340 2685 1391 2716 nt,
1412 2684 1492 2711 ntem
1513 2693 1539 2718 a,
1560 2683 1631 2712 item
1652 2687 1668 2711 b
