2312 3005
169 190 362 229 scriptionum
382 192 413 222 et
431 191 680 231 subscriptionum
701 192 809 223 addere
829 181 888 223 nim
908 192 1115 223 obliviscimur.
1155 193 1238 229 Quod
1258 202 1347 231 quam
1367 195 1446 224 recte
1466 193 1621 232 disputata
1640 193 1710 229 sint,
1730 201 1789 230 quo
1809 191 1928 222 facilius
1949 190 2078 230 perspici

167 239 270 274 possit.
289 249 491 275 quaecumque
510 241 700 269 Decembrius
721 242 758 269 de
783 242 883 270 codice
904 241 1095 270 Henochiano
1119 242 1244 277 rettulit,
1269 243 1368 270 omnia
1388 251 1423 270 ex
1448 242 1695 270 commentatione
1717 240 1941 268 Sabbadiniana
1961 240 2077 275 (Riviat.

168 284 199 313 di
218 284 327 323 filolog.
344 288 378 314 29
394 295 422 323 p.
438 287 504 324 262)
520 287 577 316 huc
596 287 804 316 transcribam:
831 287 958 316 Cornelii
977 287 1074 316 Taciti
1094 288 1170 316 liber
1188 288 1335 324 reperitur
1354 289 1465 316 Romae
1485 288 1564 315 visus
1585 291 1658 315 1455
1679 287 1717 315 de
1737 287 1851 324 origine
1871 288 1903 314 et
1926 287 1986 313 situ
2007 286 2077 313 Ger-

167 332 291 361 maniae.
331 333 452 370 Incipit:
474 334 633 363 Germania
652 336 746 364 omnis
764 345 783 364 a
805 335 901 364 Gallis
921 335 1066 371 Retiisque
1085 339 1111 364 et
1131 336 1275 364 Panoniis
1295 336 1395 364 Rheno
1414 339 1440 364 et
1455 336 1596 364 Danubio
1614 334 1795 371 fluminibus,
1815 343 1835 362 a
1855 333 1998 362 Samaeis
2014 333 2078 361 Da-

167 379 260 415 cisque
279 383 377 408 mutuo
395 383 471 408 metu
490 383 544 409 aut
561 382 704 410 montibus
722 385 888 417 separatur:
913 385 1004 410 cetera
1027 382 1171 410 Occeanus
1190 382 1288 410 ambit.
1323 381 1404 418 Opus
1424 385 1465 410 est
1482 382 1621 416 foliorum
1640 390 1683 408 ιιι
1702 380 1734 407 in
1754 380 1947 408 columnellis.
1984 379 2077 406 Finit:

166 428 257 465 cetera
275 427 335 455 iam
354 426 502 462 fabulosa:
522 428 659 457 Helusios
677 431 704 457 et
725 427 854 458 Oxionas
874 437 926 458 ora
944 428 1092 457 hominum
1111 428 1268 465 vultusque,
1293 436 1414 464 corpora
1434 431 1519 465 atque
1543 431 1627 457 artus
1644 427 1775 463 ferarum
1795 435 1897 464 yerere.
1933 425 2010 462 quod
2030 434 2079 462 eqo

166 477 198 501 ut
222 474 426 510 incompertum
450 476 482 503 in
502 475 626 504 medium
645 477 814 511 relinquam.
855 475 956 504 Utitur
980 476 1079 504 autem
1098 475 1250 504 Cornelius
1274 475 1330 503 hoc
1350 475 1492 504 vocabulo
1512 476 1677 509 inscientia,
1697 483 1757 502 non
1777 475 1904 502 inscitia.
1928 473 2004 510 [cap.
2023 473 2078 509 16].

277 520 330 549 Est
349 521 424 549 alius
444 521 520 550 liber
539 522 671 551 eiusdem
691 522 728 551 de
748 522 809 551 vita
828 522 896 550 Iulii
915 521 1080 558 Agricolae,
1101 522 1192 551 soceri
1214 522 1269 556 sui,
1288 522 1319 550 in
1340 531 1398 558 quo
1418 521 1588 551 continetur
1607 521 1769 557 descriptio
1789 520 1943 549 Britaniae
1963 518 2080 547 insulae

166 576 219 595 uec
239 576 298 596 non
317 568 493 604 populorum
512 578 607 597 mores
627 570 658 598 et
676 570 760 598 ritus.
798 569 922 605 Incipit:
943 570 1088 598 clarorum
1107 570 1234 598 virorum
1254 570 1335 604 facta
1355 578 1498 606 moresque
1513 570 1638 606 posteris
1660 568 1774 597 tradere
1797 568 1963 603 antiquitus
1987 568 2079 594 usita—

166 618 225 643 tum
245 625 280 643 ne
298 616 405 644 nostris
423 616 536 652 quidem
556 617 729 653 temporibus
747 626 920 653 quamquam
940 617 1088 645 incuriosa
1107 625 1222 645 suorum
1243 620 1323 645 aetas
1343 618 1474 645 ammisit.
1511 616 1592 652 Opus
1608 615 1748 644 foliorum
1764 615 1867 643 decem
1887 615 1917 643 et
1937 614 2081 650 quattuor

164 661 195 689 in
216 661 408 690 columnellis.
448 662 540 691 Finit:
565 672 633 691 nam
657 664 760 692 multos
784 664 873 692 veluti
895 663 1034 699 inylorios
1058 666 1084 690 et
1113 663 1250 698 iynobiles
1274 663 1378 691 oblivio
1403 663 1509 693 obruet.
1537 664 1676 699 Aqricola
1697 662 1864 698 posteritati
1888 664 2030 689 narratus
2054 664 2078 687 et

164 709 291 737 traditus
309 712 449 745 superstes
467 710 528 737 erit

276 754 402 784 Cornelii
422 755 518 784 Taciti
543 755 678 792 dialogus
704 756 740 784 de
765 755 940 785 oratoribus.
978 755 1099 793 Incipit:
1119 765 1201 792 saepe
1221 765 1256 785 ex
1274 766 1316 785 me
1336 757 1467 793 requiris,
1488 757 1566 785 Iuste
1586 756 1674 791 Fabi,
1695 764 1756 791 cur,
1776 764 1839 784 cum
1858 756 1962 792 priora
1982 754 2077 783 secula

164 806 203 831 tot
223 804 407 831 eminentium
427 806 572 832 oratorum
592 804 717 840 inqeniis
735 804 884 840 yloriaque
902 804 1062 839 floruerint,
1082 807 1180 831 nostra
1198 805 1378 839 potissimum
1398 808 1477 832 aetas
1496 804 1607 832 deserta
1627 807 1653 831 et
1671 803 1760 831 laude
1780 803 1956 838 eloquentiae
1976 802 2078 830 orbata

165 849 213 877 vix
242 857 342 877 nomen
371 849 465 885 ipsum
497 850 620 877 oratoris
649 850 776 878 retineat.
817 849 898 886 Opus
925 848 1063 877 foliorum
1088 859 1151 877 xmi
1177 849 1207 877 in
1232 849 1422 878 columnellis.
1463 850 1534 878 Post
1558 850 1631 878 haec
1657 849 1799 877 deficiunt
1824 857 1874 877 sex
1898 848 1980 881 folia,
2008 856 2077 875 nam

163 895 240 923 finit:
261 904 349 931 quam
369 896 532 933 ingentibus
550 897 642 925 verbis
657 900 878 932 prosequuntur.
920 896 992 924 Cum
1012 896 1052 923 ad
1071 904 1149 924 veros
1168 897 1276 925 iudices
1294 900 1416 925 ventum.
1457 896 1571 925 Deinde
1591 896 1738 932 sequitur:
1770 905 1827 924 rem
1852 896 1979 933 eoqitare
2003 895 2079 922 mhi]

163 943 310 977 abiectum,
331 943 405 971 nihil
424 943 536 971 humile.
578 942 647 971 Post
665 943 739 971 haec
759 944 898 972 secuntur
917 942 991 971 folia
1010 943 1068 971 duo
1090 951 1154 971 cum
1175 943 1298 971 dimidio
1319 945 1349 972 et
1368 943 1446 972 finit:
1467 952 1531 972 cum
1551 943 1732 977 adri-sissent,
1752 943 1943 972 discessimus.

276 989 409 1016 Suetonii
429 989 595 1025 Tranquilli
619 990 656 1018 de
681 989 883 1026 grammaticis
909 991 940 1017 et
963 989 1130 1017 rhetoribus
1156 989 1236 1017 liber.
1277 990 1397 1026 incipit:
1422 991 1611 1026 yrammatz'ca
1633 990 1742 1018 Romae
1761 998 1813 1018 nec
1833 991 1866 1018 in
1885 998 1942 1018 usu
1962 989 2076 1025 quidem

163 1036 239 1069 olim,
259 1034 365 1063 nedum
384 1036 416 1063 in
435 1036 539 1064 honore
558 1036 621 1063 ulla
640 1040 703 1064 crat
722 1036 806 1064 rudis
824 1036 931 1064 seilicet
950 1044 985 1063 ac
1005 1036 1137 1063 bellicosa
1156 1037 1241 1064 etiam
1263 1040 1319 1064 lum
1341 1038 1455 1064 ciuitate
1474 1037 1593 1065 necdum
1615 1045 1786 1073 maynopere
1806 1036 1976 1064 liberalibus
1990 1036 2076 1063 disci·

158 1081 252 1117 plinis
270 1085 397 1110 vacante.
433 1081 513 1117 Opus
533 1081 671 1110 foliorum
692 1083 805 1118 septem
825 1081 856 1110 in
881 1081 1072 1109 columnellis.
1112 1081 1191 1109 Finit
1215 1082 1365 1118 perprius:
1390 1086 1416 1110 et
1441 1091 1543 1111 rursus
1563 1084 1595 1110 in
1615 1083 1777 1119 cognitione
1796 1082 1893 1110 caedis
1909 1082 2076 1110 Mediolani

161 1129 242 1164 apud
262 1129 385 1157 Dacium
408 1129 539 1157 Pisonem
558 1129 758 1165 proconsulem
776 1129 932 1163 defendens
949 1138 1037 1163 reum,
1062 1138 1126 1157 cum
1150 1129 1306 1158 cohiberent
1331 1130 1441 1158 lictores
1465 1130 1571 1158 nimias
1591 1129 1778 1158 laudantium
1799 1138 1886 1163 voces,
1908 1129 1949 1157 ita
1970 1137 2075 1157 excan-

161 1175 277 1210 duisset,
305 1178 339 1203 ut
362 1175 508 1211 deplorato
528 1176 636 1204 Italiae
659 1178 747 1209 statu,
772 1176 856 1211 quasi
879 1176 983 1203 iterum
1007 1176 1038 1203 in
1063 1175 1185 1210 formam
1207 1177 1374 1211 provinciae
1397 1177 1582 1212 rediyeretun
1614 1176 1657 1204 M.
1679 1177 1799 1212 insuper
1825 1176 1962 1210 Brutum,
1991 1176 2077 1204 cuius

161 1225 260 1250 statua
280 1222 312 1249 in
332 1225 480 1258 conspectu
499 1226 571 1256 erat,
590 1222 734 1250 invocaret
753 1231 851 1258 requm
871 1231 905 1250 ac
924 1222 1064 1250 libertatis
1082 1226 1225 1251 auctorem
1244 1231 1279 1251 ac
1297 1223 1443 1251 vindicem.
1479 1223 1591 1251 Ultimo
1607 1222 1781 1259 imperfecto
1798 1221 1976 1251 eolumnello
1996 1222 2074 1250 finit:

162 1269 215 1296 diu
229 1277 264 1297 ac
278 1277 354 1297 more
373 1269 571 1298 concionantis
590 1269 712 1297 redditis
730 1269 871 1297 abstinuit
889 1269 959 1297 cibo.
990 1268 1114 1297 Videtur
1133 1269 1163 1297 in
1183 1269 1234 1296 illo
1255 1278 1340 1305 opere
1361 1269 1517 1297 Suetonius
1537 1269 1660 1298 innuere
1685 1278 1785 1297 omnes
1806 1269 1867 1297 fere
1887 1269 2020 1297 rhetores
2045 1270 2075 1296 et

162 1316 374 1351 grammaticae
394 1315 572 1352 professores
592 1315 757 1352 desperatis
777 1315 903 1343 fortunis
923 1315 1052 1344 finivisse
1072 1316 1170 1344 vitam.

274 1363 336 1391 Hoc
360 1363 527 1392 Decembrii
553 1363 723 1392 testimonio
748 1363 872 1392 confisus
898 1363 1082 1392 scribendum
1108 1372 1171 1392 esse
1191 1373 1295 1392 censeo
1315 1363 1411 1392 Germ.
1429 1367 1463 1392 16
1483 1365 1638 1393 inscientia
1657 1364 1845 1399 aedificandi,
1869 1366 1906 1392 44
1926 1363 2074 1399 Hamae,

161 1411 258 1447 Agric,
275 1413 311 1438 46
331 1412 434 1439 multos
453 1412 541 1439 veluti
554 1412 693 1448 inylorios
707 1415 733 1439 et
747 1411 885 1448 iynobiles
899 1412 1002 1439 oblivio
1018 1412 1123 1445 obruet,
1140 1411 1215 1439 Dial.
1233 1414 1267 1439 36
1283 1412 1358 1439 nihil
1372 1412 1520 1445 abiectum,
1535 1412 1611 1440 nihil
1625 1412 1741 1445 humile,
1757 1411 1875 1440 Sueton.
1892 1411 1928 1440 de
1948 1420 2072 1448 gramm.

161 1458 191 1485 et
210 1457 284 1485 rhet.
302 1460 337 1485 30
357 1468 384 1495 p.
404 1461 465 1491 127.
482 1461 499 1485 4
519 1457 650 1486 Reiffers.
671 1461 815 1487 auctorem
834 1466 870 1486 ac
888 1458 1036 1486 vindicem.

274 1504 330 1531 Sed
355 1505 477 1532 tandem
501 1504 655 1532 redeamus
680 1505 719 1532 ad
743 1504 874 1533 codicem
902 1504 1083 1532 Aesinatem:
1115 1505 1140 1532 is
1165 1513 1231 1532 cum
1257 1504 1323 1532 aliis
1344 1505 1374 1532 in
1400 1504 1614 1533 bibliothecam
1634 1505 1860 1533 Balleanianam
1879 1505 2016 1541 pervenit
2036 1513 2071 1533 ex

161 1551 371 1586 Guameriana,
398 1562 485 1588 quam
511 1551 629 1581 saeculo
648 1563 686 1580 xv
706 1551 872 1588 Stephanus
898 1553 928 1580 et
952 1543 1123 1581 Franciscus
1145 1551 1297 1580 Guarnerii
1321 1551 1514 1581 instituemnt
1533 1551 1694 1588 multisque
1719 1551 1803 1581 libris
1824 1561 1842 1580 a
1862 1560 1893 1581 se
1913 1551 2071 1589 descripti·

160 1600 311 1626 auxerunt.
352 1598 415 1631 Quo
440 1607 475 1625 ex
499 1607 620 1626 numero
645 1598 743 1626 nescio
763 1608 802 1626 an
821 1599 911 1626 etiam
931 1598 979 1626 hic
999 1599 1154 1634 Agricolae
1174 1599 1264 1626 codex
1285 1599 1336 1626 sit:
1362 1607 1429 1625 nam
1451 1599 1497 1626 illi
1517 1599 1623 1627 fratres
1644 1600 1716 1627 tuuc
1736 1599 1855 1634 saepius
1877 1599 1988 1627 Romae
2008 1607 2071 1626 ver—

160 1645 302 1673 sabantur
325 1645 518 1681 plurimisque
543 1645 701 1673 honoribus
728 1654 746 1674 a
770 1645 892 1673 summis
916 1645 1105 1682 pontificibus
1131 1645 1320 1680 ornabantur,
1345 1646 1379 1673 ut
1399 1645 1441 1673 eis
1466 1645 1651 1674 occasionem
1671 1644 1763 1674 fnisse
1783 1646 1889 1682 pateat
1908 1646 1939 1674 et
1959 1645 2071 1674 codicis

161 1692 345 1720 describendi
366 1694 396 1720 et
416 1692 616 1728 quaternionis
636 1692 835 1720 nanciscendi.
874 1692 937 1726 Quo
963 1692 1063 1720 codice
1083 1692 1201 1720 invento
1221 1692 1251 1719 in
1273 1692 1434 1720 minoribus
1454 1692 1551 1720 Taciti
1572 1692 1691 1729 scriptis
1717 1692 1854 1720 omnibus
1875 1695 1969 1721 artem
1989 1692 2069 1721 criti-

160 1747 224 1766 cam
251 1739 338 1775 plane
365 1739 537 1767 commutari
562 1748 646 1767 nemo
671 1748 730 1767 non
754 1739 847 1766 videt:
872 1748 941 1767 nam
961 1748 1028 1766 cum
1048 1748 1147 1766 omnes
1172 1738 1274 1766 horum
1295 1738 1456 1775 sciptorum
1481 1739 1597 1767 codices
1618 1740 1680 1768 sive
1699 1748 1734 1767 ex
1755 1739 1857 1767 codice
1876 1739 2070 1768 Henochiano

159 1786 223 1823 ipso
244 1786 304 1814 sive
325 1795 359 1814 ex
380 1786 551 1823 apographo
572 1785 635 1814 eius
654 1785 886 1822 proficiscantur,
906 1785 965 1814 iam
985 1785 1030 1814 his
1050 1787 1117 1814 octo
1137 1785 1216 1813 foliis
1236 1785 1360 1813 vetustis
1380 1785 1515 1821 reliquos
1529 1785 1645 1814 codices
1666 1787 1747 1814 certa
1766 1785 1884 1814 ratione
1900 1786 2070 1815 examinare

159 1842 323 1868 possumus,
350 1835 448 1860 utrum
478 1834 508 1860 in
538 1834 580 1860 eis
610 1833 706 1860 Taciti
733 1833 822 1860 verba
852 1834 987 1860 accurate
1013 1833 1160 1868 descripta
1184 1833 1243 1860 sint
1268 1841 1305 1860 an
1330 1832 1487 1860 libidinose
1511 1833 1679 1861 immutata.
1719 1833 1814 1866 Quare
1839 1833 1895 1861 hac
1921 1833 2069 1862 scribendi

159 1878 301 1908 facultate
321 1879 423 1907 oblata
439 1879 537 1907 Taciti
556 1879 725 1916 Agricolam
745 1879 784 1907 ad
803 1879 891 1906 fidem
912 1879 1046 1907 codicum
1066 1879 1153 1907 edere
1174 1878 1323 1912 constitui,
1343 1888 1379 1906 ne
1401 1878 1512 1906 diutius
1533 1878 1697 1915 scripturae
1721 1879 1897 1907 varietatem
1918 1889 1953 1908 ex
1973 1880 2069 1908 tribus

159 1928 243 1956 libris
262 1929 361 1964 petere
382 1927 478 1954 coacti
498 1927 597 1960 simus,
619 1927 670 1954 sed
689 1935 747 1953 uno
768 1925 919 1954 oculorum
939 1926 1045 1954 obtutu
1070 1926 1238 1962 conspicere
1263 1925 1421 1962 possimus:
1447 1926 1477 1953 in
1498 1935 1556 1962 quo
1576 1929 1601 1954 A
1621 1926 1771 1963 significat
1795 1927 1928 1955 codicem
1948 1927 2068 1956 Vatica—

159 1984 228 2002 num
249 1976 331 2009 3429,
351 1976 372 2000 B
388 1973 518 2001 codicem
533 1973 711 2001 Vaticanum
726 1976 809 2007 4498,
830 1976 852 2000 G
866 1972 976 2000 codicis
990 1972 1138 2006 Aesinatis
1154 1974 1269 2009 partem
1288 1973 1481 2001 recentiorem
1497 1981 1515 2000 a
1530 1972 1692 2001 Guaruerio
1708 1973 1897 2009 descriptam,
1917 1976 1943 2001 11
1958 1974 2069 2002 codicis

158 2022 307 2050 Aesinatis
327 2022 442 2057 partem
462 2020 662 2055 vetustiorem,
687 2023 708 2047 Τ
728 2020 859 2048 codicem
879 2019 1052 2047 Toletanum
1073 2022 1118 2054 49,
1135 2023 1159 2047 2.
1198 2019 1231 2047 In
1252 2029 1287 2048 ea
1307 2021 1407 2048 autem
1432 2021 1518 2056 parte
1537 2019 1703 2057 Agricolae,
1731 2029 1808 2056 quae
1828 2022 1945 2050 vetusto
1966 2021 2068 2050 codice

158 2069 349 2096 Henochiano
374 2069 491 2094 servata
515 2070 568 2101 est,
588 2076 641 2102 pro
661 2069 747 2093 ΛΒΤ
767 2067 871 2107 scripsi
890 2069 934 2093 ab
946 2071 971 2100 t,
992 2068 1026 2093 ut
1045 2067 1146 2094 statim
1167 2067 1310 2101 adpareat
1336 2066 1366 2093 in
1387 2075 1423 2094 ea
1442 2068 1535 2094 artem
1556 2067 1692 2094 criticam
1712 2076 1747 2095 ex
1768 2077 1827 2095 uno
1847 2068 1950 2095 codice
1970 2068 2068 2096 Heno-

159 2115 264 2144 chiano
283 2114 421 2151 pendere,
440 2113 536 2141 varias
556 2115 655 2141 autem
675 2113 816 2141 lectiones
840 2112 975 2141 codicum
995 2115 1064 2140 abt
1088 2113 1148 2141 sive
1172 2121 1283 2141 errores
1308 2113 1368 2141 sive
1394 2113 1576 2141 coniecturas
1602 2121 1664 2142 esse
1690 2113 1930 2143 describentium.
1971 2114 2068 2143 Unum

158 2162 315 2191 dolendum
335 2163 388 2197 est,
408 2161 487 2197 quod
507 2161 598 2188 codex
617 2160 833 2195 Henochianus,
853 2159 985 2195 quamvis
1005 2160 1100 2187 nitide
1120 2160 1247 2196 scriptus
1268 2160 1316 2192 sit,
1336 2160 1455 2196 saepius
1476 2161 1622 2188 erroribus
1643 2163 1673 2188 et
1693 2161 1868 2189 correcturis
1889 2162 2068 2198 depravatus

157 2211 202 2238 est
222 2209 264 2246 (in
279 2208 386 2246 quibus
405 2208 573 2245 repetendis
589 2207 695 2236 Caesar
714 2206 884 2241 Aunibaldi,
905 2215 1084 2243 quamquam
1104 2207 1167 2235 eius
1187 2215 1277 2243 opera
1296 2207 1426 2235 maxima
1445 2207 1533 2235 laude
1554 2207 1645 2244 digna
1660 2210 1715 2242 est,
1731 2217 1789 2237 non
1806 2208 1952 2242 distinxit,
1967 2210 2067 2237 utrum

157 2257 191 2292 is,
207 2257 258 2293 qui
273 2256 369 2284 Taciti
384 2252 478 2289 ‚lverba
497 2255 632 2289 correxit,
652 2255 738 2282 lineis
758 2263 795 2282 an
815 2255 934 2290 punctis
953 2264 1023 2282 usus
1044 2255 1090 2288 sit,
1111 2256 1145 2282 ut
1170 2254 1282 2290 opinor,
1307 2256 1428 2290 propter
1447 2254 1655 2282 difficultatem
1680 2256 1948 2292 typographicam),
1973 2258 2008 2284 ut
2030 2257 2067 2290 ei,

157 2304 209 2340 qui
229 2304 359 2332 codicem
374 2290 593 2336 hescribebant,
613 2301 702 2329 facile
721 2301 752 2329 in
772 2309 897 2329 errorem
917 2301 1133 2329 inducerentur.
1165 2300 1222 2328 Sed
1242 2300 1341 2328 nescio
1361 2309 1399 2328 an
1420 2309 1537 2337 sperare
1555 2310 1711 2337 possumus
1731 2301 1804 2336 fore,
1824 2303 1859 2330 ut
1873 2311 1932 2330 uno
1948 2305 2067 2339 quater-

157 2351 244 2379 nione
273 2350 383 2379 codicis
407 2349 590 2378 Henochiaui
615 2349 733 2377 invento
758 2348 847 2376 etiam
875 2348 981 2384 reliqui
1005 2347 1197 2384 reperiantur,
1223 2349 1258 2375 ut
1281 2347 1401 2376 tandem
1429 2347 1590 2384 aliquando
1615 2348 1740 2376 amissus
1768 2349 1819 2377 ille
1845 2349 1937 2378 codex
1962 2350 2068 2387 plenus

157 2399 246 2433 atque
270 2398 385 2434 integer
403 2397 433 2424 in
451 2396 546 2424 lucem
561 2396 673 2431 redeat,
688 2395 766 2432 quod
782 2394 942 2423 Mauricius
962 2395 1109 2431 Hauptius
1130 2403 1245 2431 semper
1265 2394 1390 2422 confisus
1411 2396 1464 2429 est,
1484 2395 1563 2422 unde
1584 2395 1738 2432 Freytagii
1758 2396 2015 2433 elegantissimum
2030 2397 2067 2426 de

156 2445 257 2472 codice
278 2444 385 2472 amisso
405 2443 513 2470 librum
528 2442 672 2477 originem
692 2442 805 2477 cepisse
824 2441 890 2476 quis
910 2442 1042 2468 nostrum
1062 2442 1117 2475 est,
1137 2441 1189 2476 qui
1209 2441 1341 2468 nesciat?

268 2490 349 2526 Quae
369 2488 519 2518 inclinatis
539 2488 646 2517 litteris
667 2495 803 2524 expressa
822 2488 899 2522 suut,
920 2487 1022 2515 contra
1041 2486 1175 2515 codicum
1196 2487 1404 2515 auctoritatem
1425 2486 1529 2523 adieci,
1555 2496 1631 2524 quae
1656 2489 1773 2516 uncinis
1799 2489 1914 2517 inclusa
1934 2492 2012 2524 aunt,
2033 2499 2069 2518 ea

157 2539 284 2568 delenda
304 2539 413 2572 censui,
433 2537 572 2565 asterisco
592 2536 693 2565 littera
713 2544 797 2564 erasa
816 2535 972 2564 indicatur.
