2350 2946
223 103 262 135 18
835 107 1015 137 CORNELII
1035 108 1162 138 TAcrrI
1182 108 1397 137 AGRICOLAE
1417 111 1527 136 40—42
1920 109 2011 135 n-bt
2023 108 2034 144 fl
2048 108 2140 135 ABG!

218 190 357 234 insuper
387 192 599 237 opinionem,
630 193 763 237 Syriam
796 195 1005 238 provinciam
1033 196 1211 241 Agricolae
1241 195 1400 230 destinari
1430 207 1567 229 vacuam
1598 198 1670 228 tum
1701 196 1808 227 morte
1833 192 1933 226 Atilii
1957 192 2036 227 Rufi
2062 204 2139 228 con-

218 237 341 272 sularis
362 240 397 272 et
416 239 606 274 maioribus
631 244 844 276 reservatam.
886 241 1064 276 Credidere
1087 243 1240 287 plerique
1264 242 1423 276 libertum
1448 254 1489 276 ex
1514 240 1750 276 secretioribus
1774 239 1971 273 ministeriis
1996 240 2138 274 missum
2162 241 2172 284 ιξ

218 284 261 318 ad
287 284 488 330 Agricolam
513 288 700 332 codicillos,
725 289 848 332 quibus
878 290 909 323 ei
934 289 1033 333 Syria
1062 290 1212 333 dabatur,
1244 289 1361 322 tulisse
1384 287 1468 334 :cum
1496 300 1535 321 eo
1559 290 1748 332 praeceptO,
1781 289 1827 330 ut,
1855 286 1883 320 si
1910 286 1944 319 in
1971 286 2139 321 Brittania

218 332 320 366 etiam
345 333 445 377 foret,
470 334 693 379 traderentur,
718 347 862 379 eumque
887 336 1046 370 libertum
1072 337 1107 370 in
1132 337 1206 380 ipso
1236 337 1321 369 freto
1354 334 1476 368 Oceani
1512 334 1651 368 obvium
1686 333 1863 377 Agricolae
1893 344 1936 366 ne
1967 335 2138 376 appellato

220 379 359 421 quidem
385 391 425 413 eo
451 381 494 413 ad
519 381 755 415 Domitianum
783 394 962 425 remeasse,
987 384 1056 415 sive
1081 394 1197 415 verum
1223 382 1312 415 istud
1337 382 1407 414 sive
1431 392 1471 413 ex
1496 381 1632 425 ingenio
1657 379 1820 423 principis
1843 379 1959 416 fictum
1986 390 2024 412 ac
2049 390 2138 413 com·
2168 394 2180 414 5

220 425 372 469 positum
399 429 459 461 est.

341 474 542 508 Tradiderat
567 476 703 508 interim
729 475 890 521 Agricola
915 476 1099 509 successori
1125 487 1186 508 suo
1211 475 1417 519 provinciam
1444 474 1591 517 quietam
1617 475 1793 516 tutamque
1823 483 1875 516 ac,
1903 483 1946 506 ne
1975 473 2138 507 notabilis

224 519 421 555 celebritate
451 523 486 555 et
514 521 707 566 frequentia
736 523 983 557 occurrentium
1013 523 1172 557 introitus
1201 525 1300 565 esset,
1329 521 1436 555 vitato
1467 521 1650 554 amicorum
1682 519 1795 553 officio
1821 522 1923 553 noctu
1948 520 1983 554 in
2008 520 2138 563 urbem,

224 571 328 601 noctu
359 569 394 601 in
424 568 610 612 Palatium,
642 570 690 602 ita
721 573 759 602 ut
791 573 1007 613 praeceptum
1037 573 1124 612 erat,
1156 570 1246 602 venit
1275 571 1501 612 exceptusque
1531 568 1625 601 brevi
1655 567 1771 600 osculo
1800 570 1834 600 et
1862 569 1958 600 nullo
1983 579 2137 601 sermone

225 615 346 648 turbae
371 615 591 649 servientium
618 616 793 650 immixtus
819 619 878 650 est.
918 617 1074 650 Ceterum
1100 616 1150 650 uti
1175 616 1319 649 militare
1343 625 1475 658 nomen,
1500 625 1601 659 grave
1626 613 1715 647 inter
1740 613 1878 658 otiosos,
1902 613 1979 648 aliis
2004 614 2136 649 virtuti·
2152 630 2179 649 10

225 661 290 695 bus
315 665 529 706 temperaret,
554 663 837 706 tranquillitatem
864 667 964 707 atque
989 664 1097 697 otium
1122 664 1255 706 penitus
1279 662 1406 704 hausit,
1431 662 1524 694 cultu
1548 661 1715 703 modicus,
1740 672 1894 694 sermone
1917 661 2043 705 facilis,
2068 673 2136 694 uno

227 711 286 742 aut
311 709 418 743 altero
443 709 629 744 amicorum
656 709 850 754 comitatus,
874 711 957 745 adeo
982 712 1020 744 ut
1045 711 1204 754 plerique,
1225 709 1346 753 quibus
1367 720 1507 754 magnos
1527 708 1617 742 viros
1637 720 1697 752 per
1716 707 1936 742 ambitionem
1958 709 2136 742 aestimare

228 768 300 789 mos
327 759 388 801 est,
415 757 486 791 viso
511 760 715 801 aspectoque
740 758 901 802 Agricola
926 760 1122 801 quaererent
1146 758 1277 799 famam,
1302 758 1399 800 pauci
1424 757 1732 799 interpretarentur.

171 805 209 833 41
346 803 472 837 Crebro
497 816 558 848 per
582 815 639 838 eos
664 804 736 838 dies
760 805 851 849 apud
870 804 1100 838 Domitianum
1127 804 1245 838 absens
1269 805 1452 846 accusatus,
1477 802 1597 837 absens
1621 802 1797 836 absolutus
1823 805 1882 836 est.
1917 801 2026 836 Causa
2050 804 2136 847 peri-

228 851 295 884 culi
324 862 393 884 non
424 852 552 885 crimen
581 853 689 885 uuum
720 854 779 885 aut
809 852 944 895 querela
974 852 1054 885 laesi
1085 852 1296 894 cuiusquam,
1321 850 1377 883 sed
1402 851 1552 884 infensus
1578 850 1760 883 virtutibus
1785 849 1941 893 princeps
1967 852 2001 882 et
2025 850 2135 893 gloria
2151 865 2177 885 15

227 897 292 930 viri
317 908 366 938 ac,
390 897 575 940 pessimum
602 898 816 931 inimicorum
843 909 958 942 genus,
982 897 1163 931 laudantes.
1202 897 1248 930 Et
1272 908 1309 929 ea
1335 898 1484 930 insecuta
1508 898 1587 929 sunt
1611 896 1659 929 rei
1684 896 1840 940 publicae
1860 899 2024 941 tempora,
2049 908 2135 940 quae

229 943 320 976 sileri
351 943 547 987 Agricolam
579 955 647 977 non
680 944 842 977 sinerent:
876 947 928 977 tot
963 944 1126 977 exercitus
1170 944 1203 976 in
1240 943 1367 976 Moesia
1398 943 1567 986 Daciaque
1601 945 1635 975 et
1670 942 1849 976 Germania
1888 946 1922 976 et
1958 943 2134 977 Pannonia

229 990 419 1023 temeritate
444 993 504 1023 aut
527 1002 587 1034 per
612 991 782 1035 ignaviam
808 991 929 1024 ducum
956 990 1084 1033 amissi,
1108 992 1160 1023 tot
1184 990 1345 1023 militares
1370 989 1433 1022 viri
1461 1001 1537 1023 cum
1562 989 1644 1022 totis
1671 990 1866 1023 cohortibus
1892 990 2077 1034 expugnati
2101 993 2135 1023 et

229 1036 333 1080 capti,
363 1047 424 1070 nec
454 1037 521 1070 iam
551 1037 592 1070 de
621 1037 730 1070 limite
761 1037 893 1081 imperii
923 1039 956 1070 et
986 1037 1071 1081 ripa,
1101 1036 1158 1069 sed
1188 1037 1227 1069 de
1257 1036 1405 1070 hibernis
1434 1036 1606 1082 legionum
1633 1038 1666 1070 et
1691 1035 1903 1080 possessione
1933 1036 2134 1071 dubitatum.

228 1083 282 1117 Ita
311 1095 387 1118 cum
419 1084 540 1117 damna
570 1084 702 1118 damnis
733 1086 1008 1119 continuarentur
1036 1087 1135 1127 atque
1164 1083 1272 1117 omnis
1302 1096 1408 1117 annus
1438 1084 1616 1117 funeribus
1649 1085 1682 1116 et
1716 1083 1869 1117 cladibus
1904 1084 2134 1128 insigniretur,
2150 1100 2177 1119 20

227 1131 430 1173 poscebatur
455 1141 512 1163 ore
538 1130 631 1174 vulgi
663 1131 730 1163 dux
760 1131 921 1175 Agricola
956 1130 1224 1174 comparantibus
1255 1130 1383 1163 cunctis
1413 1130 1564 1174 vigorem
1589 1132 1623 1162 et
1647 1130 1872 1163 constantiam
1899 1133 1932 1164 et
1957 1132 2133 1174 expertum

228 1176 326 1211 bellis
351 1177 501 1211 animum
528 1188 603 1212 cum
635 1176 757 1211 inertia
785 1180 819 1212 et
847 1177 1026 1212 formidine
1055 1179 1086 1210 et
1108 1180 1230 1220 torpore
1253 1188 1430 1211 caesorum.
1485 1176 1614 1217 Quibus
1648 1177 1860 1211 sermonibus
1890 1178 1972 1211 satis
2002 1181 2135 1211 constat

228 1224 417 1256 Domitiani
456 1234 590 1266 quoque
630 1234 727 1256 aures
770 1224 970 1266 verberatas,
1010 1224 1087 1256 dum
1122 1224 1267 1267 optimus
1307 1224 1448 1268 quisque
1486 1224 1682 1257 libertorum
1724 1235 1837 1257 amore
1875 1227 1910 1257 et
1948 1224 2023 1268 fide,
2061 1236 2133 1270 pes-

229 1270 305 1302 simi
331 1270 545 1314 malignitate
570 1273 603 1303 et
627 1270 734 1303 livore
758 1283 902 1313 pronum
929 1270 1146 1303 deterioribus
1170 1270 1354 1313 principem
1380 1271 1633 1304 extimulabant.
1685 1270 1740 1303 Sic
1759 1271 1922 1314 Agricola
1942 1272 2044 1304 simul
2064 1272 2134 1304 suis

228 1316 422 1358 virtutibus,
446 1316 548 1348 simul
572 1316 665 1348 vitiis
691 1316 834 1349 aliorum
860 1317 895 1349 in
920 1316 1025 1360 ipsam
1052 1316 1191 1360 gloriam
1217 1327 1374 1360 praeceps
1399 1316 1570 1361 agebatur.
2149 1333 2176 1353 25

172 1364 212 1391 42
346 1361 474 1396 Aderat
499 1364 566 1396 iam
592 1374 710 1406 annus,
735 1374 802 1407 quo
827 1362 1099 1408 proconsulatum
1127 1362 1258 1397 Africae
1283 1365 1316 1397 et
1340 1363 1441 1398 Asiae
1466 1365 1652 1407 sortiretur,
1682 1366 1715 1398 et
1745 1364 1855 1399 occiso
1882 1363 1997 1399 Civica
2025 1376 2134 1409 nuper

227 1420 289 1442 nec
314 1410 495 1453 Agricolae
521 1410 699 1443 consilium
726 1410 838 1443 deerat
862 1421 922 1443 nec
947 1410 1141 1443 Domitiano
1167 1412 1370 1454 exemplum:
1401 1422 1570 1444 accessere
1599 1411 1736 1454 quidam
1768 1412 2015 1456 cogitationum
2044 1412 2133 1456 prin-

228 1455 314 1499 cipis
339 1456 450 1499 periti,
475 1456 543 1498 qui,
569 1456 722 1489 iturusne
748 1458 836 1489 esset
857 1456 891 1489 in
911 1456 1127 1499 provinciam,
1148 1458 1235 1489 ultro
1256 1457 1449 1501 Agricolam
1471 1458 1726 1503 interrogarent.
1766 1458 1815 1491 Ac
1836 1458 1947 1503 primo
1968 1458 2133 1492 occultius

228 1502 375 1546 quietem
402 1504 435 1537 et
461 1503 569 1536 otium
594 1502 745 1546 laudare,
769 1515 848 1537 mox
874 1515 1008 1547 operam
1034 1516 1126 1537 suam
1153 1504 1186 1537 in
1211 1505 1426 1548 approbanda
1450 1506 1666 1539 excusatione
1696 1506 1831 1548 offerre,
1862 1509 2035 1550 postremo
2064 1518 2133 1540 non

228 1550 292 1582 iam
321 1550 454 1582 obscuri
481 1550 659 1582 suadentes
684 1551 786 1583 simul
811 1552 1039 1594 terrentesque
1064 1553 1253 1593 pertraxere
1279 1551 1318 1584 ad
1344 1551 1585 1585 Domitianum.
1636 1552 1711 1595 Qui,
1737 1555 1875 1596 paratus
1906 1552 2134 1596 simulatione,
2148 1568 2175 1588 so

227 1596 263 1629 in
287 1596 516 1642 arrogantiam
542 1597 751 1642 compositus
777 1600 811 1630 et
835 1597 962 1630 audivit
988 1608 1101 1641 preces
1126 1599 1313 1632 excusantis
1339 1602 1381 1643 et,
1406 1610 1482 1634 cum
1502 1600 1686 1644 annuisset,
1705 1600 1761 1645 agi
1782 1600 1847 1635 sibi
1867 1601 1995 1646 gratias
2015 1612 2133 1644 passus

227 1647 279 1676 est
303 1655 365 1677 nec
390 1644 526 1676 erubuit
552 1644 706 1677 beneficii
732 1645 865 1678 invidia.
916 1644 1079 1677 Salarium
1112 1647 1221 1678 tamen
1252 1647 1488 1688 proconsulare
1518 1647 1654 1680 solitum
1687 1648 1801 1680 offerri
1826 1650 1860 1680 et
1885 1648 2089 1690 quibusdam
2115 1660 2134 1680 a

227 1701 262 1723 se
287 1691 361 1733 ipso
387 1701 583 1723 concessum
609 1690 789 1735 Agricolae
814 1701 882 1723 non
907 1690 998 1723 dedit
1022 1691 1090 1724 sive
1116 1691 1261 1724 offensus
1290 1704 1356 1725 non
1386 1693 1530 1737 petitum
1556 1694 1627 1727 sive
1654 1706 1695 1728 ex
1720 1695 1934 1738 conscientia,
1967 1706 2017 1738 ne,
2043 1694 2133 1739 quod

226 1739 388 1779 vetuerat,
413 1737 583 1770 videretur
608 1738 738 1770 emisse.
788 1737 965 1779 Proprium
995 1738 1130 1770 humani
1162 1739 1287 1782 ingenii
1312 1742 1362 1771 est
1386 1740 1509 1783 odisse,
1534 1752 1634 1784 quem
1660 1742 1810 1774 laeseris:
1840 1741 2028 1774 Domitiani
2053 1753 2133 1775 vero

225 1785 347 1816 natura
375 1794 538 1826 praeceps
569 1783 604 1815 in
633 1784 718 1816 iram
749 1786 796 1826 et,
826 1795 893 1826 quo
919 1783 1105 1827 obscurior,
1134 1795 1172 1816 eo
1203 1785 1458 1819 inrevocabilior
1486 1787 1716 1821 moderatione
1746 1791 1858 1821 tamen
1888 1788 2133 1833 prudentiaque
2148 1803 2175 1825 85

224 1830 406 1876 Agricolae
430 1829 630 1874 leniebatur,
658 1831 739 1875 quia
763 1843 831 1864 non
857 1831 1065 1864 contumacia
1090 1843 1196 1875 neque
1216 1833 1306 1866 inani
1328 1834 1507 1868 iactatione
1528 1835 1695 1869 libertatis
1716 1836 1841 1870 famam
1861 1836 2039 1880 fatumque
2058 1848 2134 1880 pro-

225 1878 376 1912 vocabat.
427 1878 552 1921 Sciant,
579 1878 702 1921 quibus
728 1878 848 1912 illicita
872 1879 986 1910 mirari
1011 1880 1113 1911 moris
1134 1882 1193 1921 est,
1212 1891 1310 1922 posse
1330 1882 1429 1914 etiam
1451 1882 1512 1914 sub
1533 1882 1630 1915 malis
1651 1883 1860 1925 principibus
1881 1894 2022 1927 magnos
2042 1884 2133 1916 viros

338 2012 352 2034 1
375 2008 569 2044 provinciam]
595 2008 777 2050 prouintiam
797 2011 823 2034 Η
907 2008 1004 2043 Atilii]
1025 2008 1114 2043 atilli]
1135 2011 1188 2050 lit,
1207 2010 1255 2036 sed
1274 2011 1304 2037 in
1326 2013 1351 2036 Η
1366 2013 1453 2046 prius
1472 2012 1483 2038 l
1502 2012 1565 2045 del„
1586 2012 1658 2039 Atili
1678 2023 1709 2046 ι,
1731 2013 1830 2049 Actilij
1853 2016 1869 2040 b
1961 2017 1977 2041 2
1997 2014 2133 2051 missum}

223 2045 274 2072 hoc
293 2044 376 2073 verbo
396 2045 504 2073 desinit
522 2047 548 2071 Β
644 2047 661 2071 3
681 2045 721 2082 ei]
747 2053 789 2072 eis
810 2046 830 2071 Β
909 2044 963 2085 veo]
989 2053 1041 2072 om.
1057 2047 1106 2072 AB
1181 2055 1211 2072 lu
1233 2046 1381 2075 Britannia
1400 2049 1506 2077 etiam
1523 2049 1674 2078 Halmius:
1695 2049 1725 2078 in
1745 2050 1928 2079 Britanniam
1948 2053 2040 2079 ABGT
2156 2053 2166 2089 Ι]

224 2085 240 2109 4
266 2081 389 2119 Oceani]
414 2090 535 2110 occeani
556 2085 578 2109 G
674 2085 690 2109 9
715 2083 920 2119 praeceptum]
945 2084 1140 2119 pretemptum
1165 2085 1195 2116 Β,
1221 2085 1252 2111 in
1276 2087 1299 2111 A
1324 2086 1390 2113 add.
1412 2087 1443 2113 in
1463 2087 1593 2123 margine
1613 2087 1652 2115 Vt
1676 2096 1733 2115 nuc
1752 2088 1892 2124 Princeps
1917 2090 1975 2124 qu6
1995 2089 2040 2116 vir

225 2123 259 2147 10
279 2119 398 2155 turbae]
418 2128 471 2147 om.
488 2122 509 2146 Β
582 2120 706 2156 otiosos]
726 2120 839 2146 ociosos
861 2122 882 2145 G
961 2123 992 2145 11
1015 2120 1119 2155 otium]
1140 2120 1235 2147 ocium
1257 2125 1277 2147 G
1348 2123 1447 2149 hausit
1468 2124 1598 2151 Weaeius:
1619 2125 1702 2152 auxit
1721 2127 1812 2152 ΔΒῦΤ
1891 2128 1925 2153 13
1945 2127 2132 2163 quaererent]

223 2158 380 2192 quererent
399 2158 445 2183 ΑΒ
498 2156 622 2194 famam]
643 2156 744 2184 saman
764 2158 786 2183 G
844 2155 1118 2194 interpretarentur]
1138 2156 1417 2194 interpraetarcntur
1437 2162 1482 2188 BG
1543 2163 1575 2189 17
1592 2160 1715 2200 Moesia]
1736 2162 1829 2191 Mesia
1849 2166 1879 2197 Τ,
1899 2163 1987 2192 Misia
2007 2165 2053 2192 AB

223 2194 386 2231 Pannonia]
406 2195 555 2230 pannonia
574 2198 598 2222 A
700 2198 734 2222 18
754 2194 839 2236 totis]
858 2195 905 2222 tot
924 2196 979 2227 ΔΒ,
999 2196 1031 2222 in
1052 2197 1073 2220 G
1093 2195 1159 2221 add.
1175 2197 1207 2222 rin
1228 2198 1354 2232 maryine
1372 2200 1417 2225 tot
1523 2202 1555 2226 19
1576 2199 1719 2237 hibernis]
1739 2201 1879 2236 hybernis
1899 2205 1923 2228 A
2017 2211 2131 2237 posses—

223 2232 317 2268 sione]
336 2232 555 2267 possessionum
575 2234 596 2258 B
683 2235 719 2259 20
740 2231 868 2266 damnis]
889 2231 994 2257 dannis
1014 2233 1035 2257 B
1121 2235 1153 2258 21
1176 2233 1205 2258 et
1225 2234 1430 2271 constantiam]
1450 2244 1501 2263 om.
1519 2238 1549 2262 et
1568 2239 1636 2263 ΛΒΤ
1720 2240 1755 2264 22
1776 2238 1896 2275 inertia]
1917 2239 2028 2266 inercia
2048 2242 2080 2274 A,
2100 2240 2132 2267 in

222 2270 353 2306 maryine
373 2269 440 2297 add.
457 2267 501 2296 A}
520 2268 614 2306 inscie
635 2268 658 2296 &
678 2267 841 2302 formidini,
862 2268 927 2296 item
948 2270 970 2295 G
990 2268 1019 2295 iv
1041 2269 1170 2305 maryine
1189 2270 1275 2297 ier-tie
1295 2270 1318 2298 &
1338 2270 1486 2300 formidini
1544 2277 1573 2301 et
1592 2278 1703 2311 torpore
1726 2284 1873 2304 caesorum
1893 2278 2009 2313 scripsi:
2031 2285 2132 2306 eorum

223 2309 314 2334 ABGT
406 2309 441 2335 23
465 2306 642 2344 Domitiani]
668 2307 871 2335 Domitianum
892 2308 913 2333 B
1009 2310 1043 2334 24
1069 2306 1262 2335 deterioribus
1286 2309 1460 2347 principem]
1480 2320 1532 2339 om.
1549 2315 1569 2339 Τ
1663 2313 1891 2351 extimulabant]
1916 2316 1949 2342 in
1969 2318 1991 2342 G
2012 2315 2079 2343 add.
2100 2317 2132 2343 in

221 2346 352 2380 maryine
372 2344 596 2372 existimulabat
682 2348 717 2372 28
738 2344 856 2371 Africae
877 2345 907 2370 et
926 2344 1027 2379 Asiae]
1049 2344 1186 2378 aphricae
1207 2346 1236 2371 et
1256 2346 1335 2372 asiae
1355 2349 1390 2379 A,
1411 2348 1479 2384 Λείᾳ
1499 2349 1522 2375 81
1543 2349 1671 2386 Aphrice
1690 2352 1711 2376 Β
1797 2354 1831 2378 27
1854 2351 1956 2379 deerat
1988 2352 2093 2379 aderat
2111 2354 2132 2379 Β

298 2384 333 2409 28
354 2381 549 2419 provinciam]
569 2381 750 2418 prouintiam
771 2383 794 2408 A
862 2380 1090 2418 interrogarent]
1111 2380 1305 2418 iuterrogaret
1324 2385 1353 2418 G,
1374 2383 1573 2422 interogarent
1592 2389 1637 2415 AB
1704 2387 1860 2427 occultius]
1881 2352 2015 2418 occuitus
2035 2393 2057 2418 G

222 2442 257 2466 29
278 2439 386 2476 otium]
407 2439 503 2467 ocium
524 2441 595 2466 ABG
691 2441 727 2466 30
747 2438 807 2465 iam
830 2438 1002 2466 Rhenanus:
1023 2439 1085 2465 tam
1106 2440 1196 2465 ΔΒΟΤ
1286 2441 1485 2479 simulatione]
1506 2432 1700 2472 simulationi?
1712 2449 1741 2479 Τ,
1762 2447 1793 2473 in
1814 2448 1837 2472 A
1857 2448 1888 2474 in
1907 2448 2038 2483 margine
2058 2456 2130 2475 asor.

221 2494 264 2522 A}
283 2495 337 2531 nis„
358 2496 391 2523 in
412 2499 434 2522 G
454 2495 652 2524 simulationis
740 2497 774 2522 31
802 2494 916 2522 audivit
942 2497 976 2529 Τ,
1002 2493 1098 2521 audiit
1118 2496 1187 2521 ABG
1268 2498 1304 2523 32
1329 2498 1546 2536 proconsulare]
1572 2484 1779 2536 proconsularia
1799 2504 1829 2537 G,
1855 2502 2057 2539 proconsulari
2076 2505 2131 2538 ΑΒ,

1536 2544 1546 2558 8

221 2565 250 2604 1·-
261 2565 359 2604 utrum
381 2570 396 2589 e
417 2572 456 2590 an
477 2562 486 2590 i
506 2563 618 2605 habeat,
636 2570 692 2598 pro
711 2565 786 2590 certo
805 2561 962 2603 adfirmari
980 2569 1038 2587 non
1054 2564 1147 2596 potest
1223 2565 1257 2589 34
1277 2562 1409 2600 laeseris]
1428 2563 1549 2606 laeserit
1569 2568 1590 2592 G
1675 2570 1710 2594 35
1730 2568 1965 2607 inrevocabilior]
1986 2569 2131 2597 iri-euoca-

221 2598 310 2627 blhor
329 2602 349 2627 Τ
425 2599 641 2637 moderatione]
662 2598 870 2627 moderacione
889 2599 913 2625 A
1009 2599 1043 2625 36
1065 2597 1171 2635 neque]
1191 2606 1244 2626 nec
1264 2600 1284 2626 Β
1371 2603 1405 2628 37
1425 2600 1531 2629 sshcita
1550 2602 1648 2631 mirari
1669 2605 1758 2634 moris
1779 2607 1823 2634 est
1843 2609 1876 2634 1⁴:
1898 2607 1987 2636 moris
2009 2608 2054 2636 est
2072 2606 2132 2636 illi—

222 2636 282 2664 cita
301 2637 402 2665 mirari
424 2639 493 2665 ABG
570 2636 766 2674 principibus]
786 2635 938 2672 princibus
959 2638 981 2662 G
