2312 3005
193 156 285 182 naht
804 155 983 184 CORNELII
1002 155 1127 184 ΤΑΟΙἸῚ
1148 155 1363 185 AGRICOLAE
1387 160 1493 185 19--23
2064 155 2101 188 ll

194 240 346 274 adsidere
372 241 496 275 clausis
520 242 651 276 horreis
675 245 709 276 et
733 253 842 277 emere
866 242 957 276 ultro
982 244 1150 277 frumenta
1170 255 1207 277 ac
1231 244 1322 277 luere
1341 243 1452 287 pretio
1472 243 1688 289 cogebantur,
1714 243 1867 276 devortia
1890 242 2048 276 itinerum
2070 244 2105 275 et

193 288 424 333 longinquitas
449 289 626 335 regionum
652 289 872 335 indicebatur,
896 292 933 325 ut
958 291 1111 326 civitates
1132 303 1193 335 pro
1217 291 1381 336 proximis
1401 290 1551 326 hibernis
1572 292 1607 325 in
1626 293 1757 325 remota
1777 292 1812 324 et
1831 290 1906 323 avia
1926 289 2105 333 deferrent,

193 336 310 379 donec,
335 337 426 380 quod
448 337 607 370 omnibus
632 337 667 371 in
691 343 851 382 promptu
877 340 958 382 erat,
982 340 1098 383 paucis
1122 340 1294 373 lucrosum
1319 340 1423 372 fieret.

310 382 403 417 Haec
426 384 535 427 primo
561 384 674 418 statim
698 396 785 418 anno
810 386 1060 429 comprimendo
1086 386 1256 431 egregiam
1280 386 1401 419 famam
1427 385 1504 429 paci
1529 384 1758 427 circumdedit,
1784 395 1871 427 quae
1896 383 1949 416 vel
1973 383 2102 416 incuria
2119 386 2160 415 2⁰

165 442 177 462 5
193 429 247 464 vel
272 430 488 465 intolerantia
512 432 661 476 priorum
687 432 777 466 haud
800 433 912 466 minus
937 444 1038 477 quam
1064 433 1190 467 bellum
1216 433 1406 466 timebatur.
1450 431 1515 466 Sed
1540 432 1598 465 ubi
1622 434 1733 466 aestas
1758 431 1904 473 advenit,
1928 432 2102 464 contracto

192 477 342 511 exercitu
367 478 494 512 multus
519 479 555 512 in
579 479 713 524 agmine
737 479 873 513 laudare
898 479 1107 524 modestiam,
1132 480 1289 514 disiectos
1314 482 1477 523 coercere,
1501 479 1576 513 loca
1600 479 1719 512 castris
1745 478 1818 523 ipse
1843 487 1974 522 capere,
1994 479 2104 511 aestu-

191 524 263 558 aria
291 536 330 558 ac
360 526 461 558 silvas
491 526 564 569 ipse
593 528 849 570 praetemptare,
878 529 912 559 et
935 526 1022 559 nihil
1046 527 1182 560 interim
1207 528 1296 570 apud
1320 527 1436 560 hostes
1461 527 1612 569 quietum
1638 526 1721 570 pati,
1746 536 1814 568 quo
1841 525 1954 557 minus
1979 523 2103 557 subitis

192 572 387 605 excursibus
416 572 644 617 popularetur,
674 575 783 617 atque,
808 573 866 607 ubi
891 573 974 607 satis
1003 576 1176 618 terruerat,
1205 573 1372 618 parcendo
1402 585 1519 607 rursus
1549 573 1766 607 inritamenta
1794 571 1889 616 pacis
1922 572 2102 605 ostentare.

192 618 322 658 Quibus
352 619 452 653 rebus
483 620 608 654 multae
638 620 802 664 civitates,
831 632 916 664 quae
944 621 981 653 in
1004 621 1102 654 illum
1127 621 1214 654 diem
1239 633 1279 654 ex
1306 632 1412 664 aequo
1437 623 1585 665 egerant,
1615 620 1703 653 datis
1730 618 1908 652 obsidibus
1933 619 2019 651 iram
2044 629 2103 662 po-

150 676 177 697 1⁰
192 677 297 710 suere,
321 668 355 700 et
378 666 554 711 praesidiis
579 668 794 712 castellisque
818 667 1042 702 circumdatae
1066 669 1162 701 tanta
1184 668 1314 702 ratione
1339 678 1495 712 curaque,
1519 670 1558 701 ut
1582 668 1676 701 nulla
1701 669 1779 700 ante
1799 665 1989 700 Brittaniae
2014 676 2103 700 nova

192 725 268 757 pars
287 715 417 757 pamiter
441 714 633 748 inlacessita
656 715 836 749 transierit.

285 760 434 804 Sequens
454 761 563 794 hiems
584 761 813 794 saluberrimis
834 761 985 794 consiliis
1005 762 1192 804 absumpta.
1228 761 1394 805 Namque,
1414 764 1452 794 ut
1471 761 1625 794 homines
1647 761 1791 805 dispersi
1811 770 1851 793 ac
1870 760 1972 793 rudes
1991 771 2101 804 eoque
2119 763 2155 791 :21

193 807 224 840 in
250 807 339 841 bella
363 807 478 841 faciles
504 808 609 852 quieti
634 810 667 842 et
692 808 763 842 otio
788 819 848 851 per
872 808 1063 851 voluptates
1089 808 1327 852 adsuescerent,
1352 808 1481 842 hortari
1506 809 1676 853 privatim,
1705 807 1864 840 adiuvare
1893 806 2039 850 publice,
2064 809 2103 840 ut

191 854 327 897 templa,
346 855 429 897 fora,
450 854 567 887 domos
592 857 795 897 extruerent,
814 854 982 887 laudando
1007 856 1194 898 promptos,
1219 856 1413 899 castigando
1439 866 1572 900 segnes:
1597 856 1645 888 ita
1670 854 1812 887 honoris
1833 853 2017 887 aemulatio
2038 865 2101 897 pro

149 910 176 931 η
190 900 390 934 necessitate
414 904 494 934 erat.
542 900 614 935 Iam
638 912 718 934 vero
742 901 933 945 principum
964 901 1054 934 filios
1078 901 1273 935 liberalibus
1302 902 1432 935 artibus
1461 901 1593 935 erudire
1619 904 1653 935 et
1678 901 1815 946 ingenia
1839 900 2100 934 Brittannorum

192 947 313 981 studiis
343 946 517 981 Gallorum
547 948 723 991 anteferre,
752 950 800 991 ut,
829 948 889 991 qui
912 948 1013 980 modo
1043 948 1193 992 linguam
1223 948 1407 982 Romanam
1440 948 1643 991 abnuebant,
1678 948 1909 991 eloquentiam
1942 948 2102 991 concupi-

191 996 329 1028 scerent.
377 993 459 1028 Inde
484 994 586 1028 etiam
610 994 747 1028 habitus
771 996 880 1028 nostri
904 994 1014 1029 honor
1038 996 1072 1028 et
1095 995 1252 1039 frequens
1281 998 1369 1040 toga.
1418 995 1652 1039 Paulatimque
1683 995 1880 1029 descensum
1910 993 1952 1028 ad
1977 993 2101 1028 deleni-

192 1043 303 1075 menta
328 1041 499 1084 vitiorum,
523 1042 674 1085 porticus
699 1044 733 1075 et
756 1042 889 1075 balinea
913 1044 947 1074 et
967 1042 1196 1075 conviviorum
1218 1043 1426 1087 elegantiam.
1467 1042 1572 1085 quue
1597 1042 1687 1086 apud
1708 1042 1885 1085 imperitos
1905 1041 2101 1075 humanitas

192 1088 386 1131 vocabatur,
411 1098 486 1121 cum
510 1099 589 1132 pars
614 1088 788 1121 servitutis
813 1091 908 1121 esset.

150 1144 176 1163 ²⁰
308 1133 442 1167 Tertius
476 1134 727 1178 expeditionum
762 1146 870 1167 annus
904 1145 1007 1167 novas
1041 1138 1157 1179 gentes
1191 1136 1321 1179 aperuit
1355 1137 1493 1168 vastatis
1523 1146 1629 1178 usque
1658 1135 1699 1168 ad
1730 1135 1881 1168 Tanaum
1912 1134 2098 1179 (aestuario
2117 1138 2156 1167 22

191 1191 314 1214 nomen
343 1179 409 1225 est)
442 1180 646 1214 nationibus.
694 1180 767 1220 Qua
796 1180 977 1214 formidine
1011 1181 1119 1215 territi
1149 1182 1262 1216 hostes
1292 1193 1493 1226 quamquam
1523 1182 1755 1216 conflictatum
1781 1181 1890 1215 saevis
1915 1183 2100 1226 tempesta-

192 1227 282 1261 tibus
307 1228 492 1261 exercitum
521 1227 684 1261 lacessere
708 1239 777 1261 non
798 1228 880 1271 ausi,
904 1228 1133 1272 ponendisque
1155 1229 1289 1272 insuper
1309 1230 1453 1262 castellis
1474 1229 1619 1273 spatium
1641 1229 1716 1262 fuit.
1756 1228 1978 1262 Adnotabant
1996 1229 2098 1273 periti

191 1285 260 1308 non
285 1274 389 1307 alium
415 1274 532 1308 ducem
558 1274 830 1319 opportunitates
854 1274 1006 1309 locorum
1031 1276 1215 1319 sapientius
1238 1275 1372 1320 legisse:
1399 1277 1528 1309 nullum
1553 1276 1594 1309 ab
1619 1274 1782 1320 Agricola
1805 1275 1956 1320 positum
1981 1275 2100 1309 castel-

192 1322 262 1355 lum
292 1323 350 1354 aut
379 1321 412 1354 vi
441 1321 591 1355 hostium
622 1323 852 1367 expugnatum
886 1324 944 1355 aut
978 1323 1132 1366 pactione
1160 1334 1199 1356 ac
1227 1324 1308 1367 fuga
1341 1323 1507 1356 desertum
1538 1322 1711 1366 [craebrae
1746 1322 1959 1367 eruptionis]
2008 1322 2098 1356 Nam

150 1377 176 1398 2⁵
192 1368 351 1402 adversus
376 1380 489 1402 moras
510 1368 697 1403 obsidionis
717 1369 837 1402 annuis
858 1369 963 1414 copiis
983 1369 1211 1404 firmabantur.
1251 1369 1302 1403 Ita
1323 1369 1487 1414 intrepida
1502 1370 1550 1403 ibi
1566 1369 1686 1414 hiems,
1700 1372 1734 1403 et
1754 1369 1820 1403 sibi
1840 1370 1985 1414 quisque
2005 1381 2098 1414 prae-

192 1415 278 1450 sidio
304 1416 416 1449 inritis
436 1416 591 1449 hostibus
612 1428 718 1459 eoque
738 1416 1002 1460 desperantibus,
1022 1417 1102 1460 quia
1122 1417 1213 1450 soliti
1233 1418 1427 1460 plerumque
1448 1417 1568 1449 damna
1588 1417 1725 1450 aestatis
1746 1416 1899 1450 hibernis
1919 1417 2098 1450 eventibus

192 1474 330 1507 pensare
350 1464 423 1496 tum
443 1465 571 1497 aestate
591 1465 692 1507 atque
711 1463 821 1497 hieme
841 1463 936 1497 iuxta
955 1463 1172 1508 pellebantur.
1211 1463 1283 1499 Nec
1302 1463 1462 1509 Agricola
1484 1476 1647 1508 umquam
1666 1475 1727 1507 per
1749 1463 1835 1498 alios
1858 1466 1956 1509 gesta
1978 1463 2097 1498 avidus

192 1510 385 1554 intercepit:
410 1522 468 1544 seu
489 1511 640 1544 centurio
661 1522 720 1544 seu
744 1511 931 1554 praefectus
951 1512 1182 1554 incorruptum
1202 1512 1282 1544 facti
1303 1514 1423 1544 testem
1442 1511 1596 1544 habebat.
1636 1511 1739 1554 Apud
1759 1511 1921 1554 quosdam
1943 1511 2097 1545 acerbior

192 1557 227 1591 in
247 1557 409 1591 conviciis
428 1557 644 1590 narrabatur:
664 1559 703 1590 ut
723 1560 794 1590 erat
814 1557 920 1591 comis
941 1557 1048 1600 bonis,
1068 1558 1116 1591 ita
1135 1558 1292 1591 adversus
1312 1558 1420 1591 malos
1440 1557 1650 1591 iniucundus.
1685 1556 1841 1590 Ceterum
1862 1569 1904 1591 ex
1923 1557 2097 1591 iracundia

149 1612 177 1632 ³⁰
191 1603 278 1637 nihil
303 1606 374 1637 erat
400 1606 575 1647 secretum,
600 1606 638 1637 ut
663 1604 832 1637 silentium
859 1604 929 1637 eius
955 1616 1023 1638 non
1047 1605 1196 1638 timeres:
1220 1604 1394 1637 honestius
1419 1604 1559 1647 putabat
1585 1604 1753 1637 offendere
1779 1615 1881 1648 quam
1907 1604 2027 1638 odisse.

309 1651 435 1690 Quarta
460 1652 569 1684 aestas
594 1650 794 1694 obtinendis,
818 1662 903 1694 quae
927 1654 1188 1694 percucurrerat,
1216 1652 1399 1694 insumpta3
1429 1663 1468 1684 ac
1497 1650 1527 1683 si
1556 1650 1665 1683 virtus
1690 1651 1859 1684 exercitus
1889 1653 1923 1684 et
1948 1650 2094 1684 Romani
2113 1654 2152 1682 28

192 1697 338 1731 nominis
363 1697 472 1742 gloria
496 1699 678 1741 pateretur,
703 1697 859 1731 inventus
884 1698 919 1731 in
940 1697 1013 1741 ipsa
1034 1698 1201 1731 Brittania
1220 1698 1389 1731 terminus.
1429 1697 1583 1741 Namque
1607 1696 1713 1730 Cloda
1733 1699 1767 1730 et
1787 1697 1952 1731 Bodotria
1971 1697 2095 1731 diversi

305 1811 320 1836 1
337 1796 619 1845 adsidere]adsidere
633 1811 667 1842 H,
683 1817 753 1836 corr.
771 1818 805 1836 m.
812 1818 859 1844 pr.
936 1808 1058 1845 horreis]
1075 1791 1164 1837 {ineis
1180 1810 1214 1842 Π,
1229 1817 1299 1837 corr.
1316 1817 1351 1836 m.
1359 1817 1416 1844 pr,
1431 1807 1549 1835 hordeis
1565 1817 1582 1835 a
1597 1817 1632 1836 m.
1640 1817 1686 1844 pr.
1765 1808 1857 1853 luere]
1873 1807 1976 1836 ludere
1991 1810 2031 1835 ab

191 1846 298 1885 pretio]
318 1846 436 1884 praecio
455 1849 482 1874 Ε
573 1846 705 1875 devort-ia
724 1847 858 1883 Lipsius:
878 1846 1006 1875 diuortia
1020 1848 1110 1874 Habt
1204 1850 1220 1874 ἰ.)
1240 1846 1451 1883 longinquitas]
1472 1845 1654 1882 loginquitas
1674 1848 1700 1874 Β
1791 1846 1940 1883 civitates]
1962 1846 2096 1875 ciuitatis

191 1888 218 1913 Η
236 1895 273 1914 m.
284 1894 332 1921 pr.
413 1894 478 1921 pro
499 1886 566 1914 add.
583 1886 790 1921 Bezzenberyer
874 1884 1014 1921 hibernis]
1035 1884 1174 1920 hybernis
1193 1894 1211 1911 a
1296 1887 1312 1912 3
1332 1884 1363 1911 in
1382 1884 1530 1920 promptu]
1552 1884 1734 1920 impromptu
1754 1889 1767 1912 t
1848 1887 1865 1911 4
1885 1884 2010 1921 incuria]
2032 1884 2096 1912 sine

191 1923 273 1951 curia
292 1925 318 1950 11
337 1932 372 1951 m.
385 1932 441 1959 pr„
462 1918 525 1961 tine
544 1922 658 1950 incuria
677 1925 703 1949 11
722 1931 792 1951 corr.
808 1932 843 1950 m.
860 1924 948 1958 antiq.
1026 1926 1042 1949 5
1062 1922 1259 1958 intolerantia]
1281 1921 1482 1949 intollerantia
1501 1926 1537 1949 at
1607 1921 1698 1959 haud]
1721 1922 1794 1950 haut
1813 1925 1839 1949 Η
1859 1931 1893 1950 m.
1909 1931 1954 1958 pr.
2027 1930 2096 1950 con—

191 1980 298 2017 tracto]
315 1981 466 2008 contractu
486 1983 512 2008 11
534 1990 567 2008 m.
579 1990 625 2016 pr.
702 1982 718 2007 6
739 1979 859 2016 multus]
876 1979 1001 2007 multum
1017 1989 1034 2006 a
1053 1988 1089 2007 ex
1107 1988 1177 2007 corr.
1194 1981 1211 2006 b
1283 1979 1425 2015 coercere]
1448 1978 1601 2006 cohercere
1621 1981 1711 2006 Habt
1783 1978 1947 2023 aestuaria]
1965 1966 2096 2007 aeetiiria

191 2021 226 2052 Η,
245 2027 317 2047 corr.
334 2028 368 2045 m.
380 2027 427 2054 pr.
506 2021 519 2045 7
540 2018 767 2054 praetemptare]
788 2018 954 2054 pretentare
974 2020 990 2044 b
1072 2016 1162 2053 apud]
1188 2018 1261 2052 aput
1280 2019 1306 2043 11
1324 2026 1360 2044 m.
1372 2026 1419 2052 pr.
1501 2016 1611 2052 hostes]
1632 2016 1726 2044 hostis
1746 2020 1763 2044 b
1850 2020 1867 2044 8
1892 2017 2093 2053 inritamenta]

191 2055 377 2084 irritamenta
397 2058 423 2083 Η
437 2065 472 2084 m.
488 2065 539 2084 sec.
555 2066 572 2083 a
592 2065 626 2083 m.
639 2064 686 2091 pr.
706 2058 751 2089 bt,
771 2054 961 2083 incitamenta
981 2064 998 2082 a
1018 2063 1052 2083 ex
1071 2063 1142 2082 corr.
1211 2057 1246 2083 10
1263 2054 1356 2091 tanta]
1373 2055 1404 2081 et
1417 2054 1502 2082 tauta
1517 2056 1588 2089 abt,
1604 2054 1637 2081 in
1651 2056 1677 2081 Η
1692 2064 1728 2082 m.
1745 2056 1835 2091 antiq.
1851 2054 1919 2083 add.
1935 2054 1959 2082 δι
2018 2054 2095 2082 Britr

190 2113 299 2150 taniae]
315 2101 459 2141 bri'taiiia
478 2116 504 2140 11
523 2123 558 2141 ex
577 2122 647 2141 corr.
664 2122 700 2140 m.
716 2113 814 2147 antiq.‚
840 2112 1008 2139 Britanniae
1028 2114 1081 2145 ab,
1111 2111 1290 2138 brittanniae
1314 2115 1350 2138 t?
1446 2115 1476 2137 11
1499 2112 1641 2147 pariter
1665 2112 1732 2138 add.
1755 2112 2002 2140 Weioembornius

191 2150 364 2178 inlacessita
392 2149 555 2178 illacessita
574 2153 613 2177 ab
710 2153 744 2177 12
764 2149 867 2185 hiems]
889 2149 1003 2184 hiemps
1023 2151 1057 2183 Β,
1077 2148 1200 2183 hyemps
1220 2153 1241 2182 t,
1261 2148 1362 2183 hyems
1382 2151 1421 2175 ab
1517 2147 1729 2184 saluberrimis]
1752 2147 1964 2176 saluberrimus
1983 2150 2001 2175 b

191 2188 349 2224 absumpta
365 2188 536 2217 Rhenanus:
557 2187 714 2223 adsumpta
729 2189 818 2214 Habt
886 2189 919 2214 13
935 2186 965 2213 in
980 2185 1059 2213 bella
1073 2186 1194 2214 Rosius:
1214 2185 1246 2213 in
1264 2185 1342 2213 bello
1357 2188 1449 2213 naht
1515 2184 1609 2221 quieti
1628 2186 1658 2213 et
1673 2185 1745 2222 otio]
1763 2185 1850 2221 quisti
1871 2185 1903 2213 in
1917 2185 1978 2214 otio
1993 2188 2029 2220 Π,
2048 2186 2097 2214 sed

191 2227 223 2254 in
237 2227 368 2263 mai-qino
383 2226 451 2254 add.
466 2236 502 2254 m.
513 2235 562 2255 sec*
575 2226 605 2253 et
620 2225 690 2260 otio,
705 2225 757 2261 qui
772 2225 795 2252 hc
811 2225 842 2252 in
855 2224 916 2253 otio
932 2229 953 2259 t,
968 2223 1061 2260 quieti
1075 2224 1106 2251 et
1120 2223 1184 2252 ocio
1199 2226 1216 2251 b
1274 2223 1489 2260 adsuescerent]
1502 2224 1703 2251 assuescerent
1717 2226 1734 2251 b
1793 2223 1944 2260 adiuvare]
1957 2223 2096 2251 adiuuari

190 2267 217 2291 Η
231 2273 267 2292 m.
274 2273 322 2300 pr.
382 2268 417 2291 14
433 2264 616 2300 castigando]
633 2265 664 2291 et
678 2262 850 2299 castigando
866 2265 905 2289 ab
972 2261 1089 2289 honoris
1105 2260 1275 2298 aemulatio]
1292 2261 1384 2288 honor
1398 2263 1428 2289 et
1443 2261 1601 2288 aemulatio
1616 2263 1643 2287 Β
1657 2270 1692 2288 m.
1700 2270 1748 2296 pr.
1812 2264 1847 2289 15
1863 2261 2095 2297 Brittannorum]

191 2301 387 2330 brittanorum
407 2304 433 2328 Η
452 2311 487 2330 m.
503 2311 557 2337 pr„
577 2301 777 2329 britannorum
797 2302 823 2327 Η
837 2309 873 2328 m.
888 2308 939 2328 sec.
955 2302 1035 2327 abt?
1113 2301 1146 2326 17
1173 2298 1342 2326 descensum
1367 2299 1509 2327 Pie-hena:
1535 2298 1694 2326 discessum
1719 2301 1810 2326 Eabt
1886 2297 2095 2334 delenimenta]

191 2359 384 2387 delinimenta
403 2369 430 2394 a,
455 2358 663 2386 deliniamenta
682 2361 699 2385 b
778 2359 812 2385 18
831 2356 959 2393 balinea]
980 2344 1088 2384 balriea
1107 2366 1133 2390 a,
1153 2355 1273 2384 balneas
1292 2358 1319 2389 b,
1339 2357 1372 2383 in
1391 2358 1417 2383 11
1436 2356 1504 2383 add.
1520 2357 1553 2384 in
1573 2357 1702 2392 mar-qim
1721 2355 1830 2384 balnea
1906 2355 1999 2392 apud]
2022 2357 2096 2391 aput

190 2399 217 2423 11
235 2406 271 2424 m.
286 2406 331 2433 pr.
399 2399 435 2424 20
455 2397 567 2434 gentes]
589 2396 685 2433 gentis
704 2398 721 2422 b
788 2395 826 2422 ad
845 2394 988 2431 Tanaum]
1010 2395 1042 2422 in
1061 2396 1088 2421 E
1106 2398 1133 2422 et
1151 2398 1164 2421 t
1184 2393 1250 2421 add.
1266 2395 1299 2422 in
1319 2394 1448 2430 maryine
1467 2393 1506 2421 ad
1525 2395 1615 2427 taum,
1635 2393 1669 2420 in
1687 2402 1706 2420 a
1725 2392 1804 2421 Taus
1825 2393 1887 2421 siue
1907 2392 2025 2421 Tanaus

191 2437 226 2462 22
247 2435 323 2478 ausi]
346 2434 414 2462 auxi
433 2438 460 2462 Η
479 2444 514 2462 m.
526 2443 573 2470 pr.
660 2432 800 2470 castellis]
821 2433 854 2461 in
872 2435 898 2459 Η
917 2436 943 2460 et
962 2442 979 2459 a
999 2432 1065 2460 add.
1082 2432 1115 2459 in
1134 2432 1264 2468 marqine
1282 2430 1350 2458 telis
1441 2433 1475 2458 23
1495 2431 1743 2468 opportunitates]
1765 2430 1983 2467 oportunitates
2002 2433 2020 2458 b

191 2472 227 2501 ab
248 2472 388 2509 Agricola
408 2475 462 2500 ab:
483 2472 614 2508 agricola
633 2474 685 2505 nt,
700 2472 733 2499 in
747 2473 774 2498 Η
791 2471 858 2498 add.
874 2479 908 2498 m.
924 2478 976 2498 sec.
993 2470 1025 2497 in
1040 2471 1170 2506 margine
1189 2468 1227 2496 ab
1321 2471 1356 2495 24
1378 2469 1422 2504 ac]
1449 2470 1502 2496 aut
1521 2471 1547 2502 b,
1567 2469 1600 2496 in
1618 2471 1645 2495 11
1664 2469 1731 2496 add.
1757 2469 1791 2496 in
1814 2469 1945 2505 myine
1969 2470 2021 2496 aut

193 2510 342 2547 [craebrae
367 2510 541 2546 emptionis]
567 2510 668 2537 delevi:
692 2510 724 2537 in
748 2510 774 2535 Η
798 2517 834 2535 m.
849 2516 900 2536 sec.
926 2507 1062 2535 craebrae
1086 2506 1253 2542 eruptiones
1278 2515 1359 2540 corr„
1379 2505 1498 2534 crebrae
1523 2505 1690 2542 eruptiones
1710 2508 1769 2533 abt
1864 2508 1900 2533 25
1920 2505 2094 2541 obsidionis]

190 2550 352 2584 eruptionis
372 2544 534 2576 obsidionis
552 2558 570 2575 a
655 2545 770 2583 annuis]
792 2545 895 2573 adnuis
915 2547 950 2578 Η,
969 2553 1040 2574 corr.
1057 2554 1092 2572 m.
1108 2553 1160 2573 rec.
1251 2544 1354 2581 hiems]
1376 2543 1490 2580 hiemps
1509 2546 1544 2579 Η,
1564 2543 1656 2580 iemps
1676 2548 1698 2578 t,
1717 2543 1822 2579 hyems
1841 2553 1859 2571 a
1934 2543 2095 2581 praesidio]

189 2586 337 2622 pressidio
357 2597 375 2613 a
433 2589 467 2614 27
488 2586 595 2622 hieme]
617 2585 720 2620 hyeme
740 2587 779 2611 ab
837 2583 929 2620 iuxta]
947 2583 1026 2610 iusta
1040 2587 1053 2610 t
1110 2582 1224 2619 avidus]
1242 2582 1358 2609 auidius
1373 2584 1390 2609 b
1449 2585 1484 2609 28
1500 2581 1599 2618 Apud]
1616 2583 1689 2617 aput
1704 2584 1730 2608 Η
1745 2591 1780 2609 m.
1794 2591 1839 2617 pr.
1899 2584 1935 2609 29
1956 2581 2096 2610 conviciis

190 2625 217 2650 11
235 2632 272 2652 m.
287 2633 339 2652 sec.
360 2634 378 2651 a
397 2633 432 2651 m.
448 2633 513 2652 sea:
534 2622 672 2651 conuitiis
692 2625 718 2649 Η
739 2631 772 2649 m.
784 2630 831 2657 pr.
847 2626 868 2655 t,
889 2620 1032 2648 conuiuiis
1053 2630 1070 2647 a
1089 2629 1125 2648 m.
1140 2629 1184 2656 pr.
1201 2623 1217 2646 b
1282 2619 1469 2656 iniucundus]
1495 2619 1668 2647 iniocundus
1688 2628 1706 2646 a
1772 2618 1920 2656 Ceterum]
1941 2618 2096 2647 Coetuum

190 2670 217 2696 a,
237 2663 368 2700 ceterum
388 2664 405 2690 b
492 2663 528 2690 30
547 2661 613 2690 erat
631 2662 657 2688 Η
676 2669 712 2688 m.
723 2669 785 2696 pn:
807 2659 958 2695 supererat
977 2660 1003 2686 11
1021 2667 1057 2687 m.
1073 2667 1124 2687 sec.
1141 2660 1199 2685 abt
1284 2659 1318 2685 31
1340 2657 1571 2694 percucurrerat]
1597 2657 1783 2693 percurrerat
1801 2658 1818 2684 b
1904 2656 2051 2685 exercitus
2071 2658 2097 2684 Π

191 2709 224 2728 m.
242 2709 298 2735 pn:
321 2700 500 2729 exercituum
521 2702 547 2727 Β
567 2709 601 2727 m.
617 2708 667 2728 sec.
685 2701 747 2726 abt
822 2700 857 2725 32
877 2696 983 2734 gloria]
1004 2705 1056 2725 om.
1073 2699 1090 2724 b
1172 2695 1317 2724 Brittania
1337 2698 1363 2723 Η
1382 2705 1418 2724 m.
1430 2705 1491 2732 pn:
1512 2695 1661 2724 britannia
1680 2697 1706 2722 Β
1726 2705 1762 2723 m.
1778 2703 1828 2724 sec.
1845 2697 1929 2722 abt?

1741 2745 1755 2769 ὀ
