2312 3005
169 141 260 168 naht
777 141 955 169 CORNELII
972 142 1099 170 TACITI
1119 141 1333 170 AGRICOLAE
1355 145 1464 171 32—35
2035 140 2081 175 15

168 223 320 259 hostium
345 223 414 256 acie
435 224 643 258 inveniemus
668 229 800 260 nortras
823 239 956 260 manus:
980 227 1186 272 adgnoscent
1210 228 1381 261 Brittanni
1405 240 1499 262 suam
1524 240 1670 271 causam,
1694 228 1962 261 recordabuntur
1989 226 2077 261 Galli

167 271 315 316 priorem
340 268 543 309 libertatem.
566 272 636 305 tam
662 272 814 308 deserent
838 274 915 308 illos
941 274 1043 309 ceteri
1068 273 1233 319 Germani,
1254 287 1355 319 quam
1380 287 1487 320 nuper
1506 274 1604 320 Usipi
1629 275 1852 319 reliquerunt.
1891 273 1964 308 Nec
1985 274 2077 319 quic-

168 328 270 361 quam
296 316 385 350 ultra
407 317 613 352 formidinis:
637 331 742 353 vacua
766 322 914 366 castella,
941 333 1058 355 senum
1084 323 1243 363 coloniae,
1268 324 1356 356 inter
1380 323 1466 356 male
1490 326 1645 367 parentes
1670 325 1705 356 et
1725 323 1850 355 iniuste
1871 322 2077 366 imperantes

167 375 269 410 aegra
293 364 479 408 municipia
502 369 535 398 et
559 365 791 402 discordantia.
840 368 906 402 Hic
931 368 1008 413 dux,
1032 368 1089 403 hic
1113 369 1288 413 exercitus,
1318 370 1363 403 ibi
1395 370 1521 403 tributa
1555 372 1589 403 et
1620 369 1758 404 metalla
1787 372 1823 402 et
1847 371 1976 402 ceterae
2011 380 2076 402 ser-

139 427 152 447 s
167 411 332 445 vientium
356 422 499 455 poenae:
525 424 607 456 quas
632 414 667 447 in
691 417 862 449 aeternum
886 417 1035 460 perferre
1059 419 1117 449 aut
1143 417 1257 450 statim
1282 416 1399 449 ulcisci
1425 418 1460 450 in
1484 417 1549 450 hoc
1573 428 1692 460 campo
1717 419 1779 450 est.
1826 415 1971 449 Proinde
1996 416 2075 448 ituri

167 458 203 491 in
228 458 332 491 aciem
357 460 391 490 et
416 458 559 492 maiores
584 463 713 494 vestros
737 464 770 495 et
793 465 947 506 posteros
973 462 1142 508 cogitate?

285 504 458 549 Excepere
488 506 674 541 orationem
704 509 843 553 alacres,
871 512 910 543 ut
939 510 1091 543 barbaris
1121 510 1238 553 moris,
1268 511 1405 543 fremitu
1436 513 1604 554 cantuque
1630 513 1663 543 et
1688 509 1895 543 clamoribus
1921 508 2074 542 dissonis.
2091 512 2132 540 ⁸8

166 551 306 596 Iamque
335 552 471 596 agmina
502 555 535 585 et
564 565 730 588 armorum
755 556 914 601 fulgores,
938 556 1170 590 audentissimi
1195 557 1357 600 cuiusque
1382 569 1570 601 procursus,
1596 557 1698 590 simul
1722 556 1955 590 instruebatur
1979 557 2075 598 acies,

168 610 244 633 cum
263 597 427 643 Agricola
452 610 655 643 quamquam
680 601 804 636 laetum
830 605 864 637 et
886 604 943 637 vix
968 604 1187 637 munimentis
1213 604 1395 638 coercitum
1415 604 1557 638 militem
1579 603 1829 638 accendendum
1849 602 1961 636 adhuc
1979 605 2075 636 ratus

125 661 152 681 10
166 647 215 679 ita
230 646 402 679 disseruit:
420 645 605 690 ‘Septimus
621 660 726 681 annus
742 653 801 693 est,
817 650 1072 692 commilitones,
1083 661 1123 682 ex
1138 661 1204 694 quo
1220 651 1344 683 virtute
1357 654 1391 683 et
1404 651 1564 694 auspiciis
1577 650 1711 695 imperii
1723 650 1879 693 Romani,
1889 649 1957 683 fide
1971 652 2075 693 atque

165 704 270 738 opera
293 695 410 726 nostra
429 692 632 728 Brittaniam
653 696 788 730 vicistis.
827 696 893 730 Tot
913 697 1192 741 expeditionibus,
1216 699 1268 730 tot
1292 697 1440 741 proeliis,
1465 710 1523 731 seu
1547 697 1748 732 fortitudine
1773 697 1932 731 adversus
1957 696 2074 730 hostes

166 752 225 773 seu
249 740 415 784 patientia
440 752 478 774 ac
502 740 617 775 labore
640 754 746 786 paene
770 743 927 777 adversus
947 746 1055 788 ipsam
1076 755 1187 777 rerum
1207 747 1360 777 naturam
1383 756 1468 788 opus
1488 745 1567 779 fuit:
1591 756 1700 789 neque
1720 756 1774 777 me
1794 745 1941 778 militum
1964 755 2074 788 neque

166 799 226 822 vos
257 787 350 821 ducis
380 788 557 832 paenituit.
605 789 696 834 Ergo
727 792 866 835 egressi,
895 803 957 836 ego
987 794 1139 824 veterum
1167 792 1369 836 legatorum,
1398 803 1457 825 vos
1487 793 1638 836 priorum
1668 793 1879 826 exercituum
1909 792 2074 825 terminos

165 835 268 868 finem
293 834 479 869 Brittaniae
503 847 572 868 non
595 836 685 869 fama
709 849 770 871 nec
793 849 934 878 rumore,
959 838 1017 871 sed
1041 838 1159 871 castris
1184 842 1218 871 et
1242 840 1343 872 armis
1372 841 1537 872 tenemus:
1568 839 1705 872 inventa
1734 839 1903 872 Brittania
1931 840 1967 871 et
1995 838 2073 872 sub-

124 895 150 917 15
166 884 250 915 acta.
299 881 467 926 Equidem
497 894 594 926 saepe
624 884 658 917 in
688 884 833 928 agmine,
863 896 938 918 cum
962 897 1020 918 vos
1045 885 1184 929 paludes
1211 888 1404 928 montesque
1434 889 1467 919 et
1496 886 1637 920 flumina
1665 886 1863 929 fatigarent,
1892 885 2072 918 fortissimi

166 930 329 972 cuiusque
354 940 452 963 voces
477 929 667 963 audiebam:
694 931 838 975 ‘quando
859 931 993 965 dabitur
1012 932 1142 965 hostis?
1168 932 1299 976 quando
1320 933 1441 966 acies?
1476 932 1625 966 Veniunt
1645 943 1663 965 e
1682 932 1821 965 latebris
1842 933 1912 965 suis
1932 933 2072 975 extrusi,

166 978 200 1009 et
224 979 304 1009 vota
328 976 503 1020 virtusque
527 976 563 1009 in
588 980 713 1020 aperto.
762 977 947 1022 Omniaque
975 978 1096 1023 prona'
1111 979 1296 1012 victoribus
1327 982 1427 1022 atque
1457 979 1572 1012 eadem
1597 979 1696 1012 victis
1721 978 1869 1012 adversa.
1918 977 2007 1011 Nam
2032 981 2072 1011 ut

166 1034 342 1066 superasse
367 1025 501 1056 tantum
526 1023 670 1066 itineris,
700 1026 843 1058 evasisse
873 1025 986 1068 silvas,
1015 1026 1173 1058 transisse
1202 1027 1367 1059 aestuaria
1391 1025 1571 1069 pulchrum
1597 1036 1635 1058 ac
1659 1025 1818 1059 decorum
1848 1027 1884 1058 in
1912 1025 2072 1068 frontem,

166 1071 214 1103 ita
238 1070 449 1114 fugientibus
474 1071 764 1113 periculosissima,
790 1082 874 1114 quae
898 1071 997 1104 hodie
1020 1073 1247 1115 prosperrima
1276 1074 1362 1104 sunt.
1418 1071 1538 1115 Neque
1568 1073 1658 1105 enim
1692 1072 1791 1105 nobis
1826 1074 1885 1104 aut
1918 1072 2068 1104 locorum

124 1130 151 1149 ao
167 1116 282 1149 eadem
307 1117 431 1150 notitia
456 1119 514 1149 aut
539 1120 783 1150 commeatuum
809 1118 921 1150 eadem
946 1117 1164 1160 abundantia,
1193 1118 1250 1150 sed
1279 1129 1397 1150 manus
1427 1120 1461 1151 et
1487 1130 1581 1151 arma
1605 1120 1639 1150 et
1662 1119 1698 1151 in
1722 1117 1775 1151 his
1801 1118 1924 1151 omnia.
1973 1117 2070 1157 Quod

165 1162 207 1196 ad
228 1174 281 1195 me
302 1164 434 1205 attinet,
454 1163 520 1196 iam
541 1163 668 1207 pridem
692 1163 775 1197 mihi
796 1164 962 1197 decretum
982 1167 1033 1197 est
1052 1176 1159 1208 neque
1179 1165 1344 1198 exercitus
1364 1176 1471 1208 neque
1492 1165 1586 1199 ducis
1605 1167 1701 1209 terga
1719 1166 1794 1198 tuta
1814 1176 1895 1198 esse.
1924 1164 2070 1198 Proinde

165 1213 199 1243 et
223 1210 367 1243 honesta
391 1221 483 1243 mors
507 1212 600 1254 turpi
624 1212 694 1244 vita
718 1212 840 1254 potior,
864 1213 897 1244 et
921 1211 1133 1245 incolumitas
1157 1222 1196 1244 ac
1219 1211 1319 1244 decus
1344 1211 1459 1244 eodem
1479 1211 1555 1244 loco
1576 1213 1641 1245 sita
1661 1214 1749 1244 sunt.
1792 1210 1866 1245 Nec
1885 1210 2069 1256 inglorium

164 1257 267 1290 fuerit
291 1258 325 1290 in
352 1257 426 1302 ipso
451 1259 617 1290 terrarum
643 1269 680 1291 ac
704 1260 842 1291 naturae
866 1258 931 1291 fine
955 1258 1119 1292 cecidisse.
1165 1257 1200 1292 Si
1219 1269 1325 1291 novae
1344 1260 1461 1303 gentes
1481 1260 1582 1303 atque
1603 1258 1720 1304 ignota
1741 1258 1828 1291 acies
1849 1258 2068 1301 constitisset,
2084 1251 2125 1281 ⁸4

165 1305 308 1338 aliorum
342 1306 549 1338 exercituum
579 1305 742 1349 exemplis
772 1317 831 1338 vos
861 1304 1024 1339 hortarer:
1052 1317 1141 1338 nunc
1170 1308 1278 1338 vestra
1308 1305 1427 1338 decora
1456 1308 1639 1348 recensete,
1663 1307 1794 1339 vestros
1819 1306 1938 1339 oeulos
1968 1306 2068 1338 inter—

122 1365 148 1384 25
165 1354 291 1396 rogate.
341 1351 388 1385 Hi
412 1354 501 1393 sunt,
526 1363 610 1395 quos
636 1353 790 1396 proximo
815 1363 901 1385 anno
927 1363 1026 1385 unam
1050 1353 1216 1397 legionem
1241 1352 1331 1385 furto
1356 1351 1466 1385 noctis
1491 1352 1666 1397 adgressos
1691 1351 1838 1385 clamore
1863 1351 2068 1395 debellastis,

164 1398 201 1432 hi
226 1401 414 1432 ceterorum
435 1398 692 1432 Brittannorum
716 1399 923 1443 fugacissimi
948 1399 1088 1442 ideoque
1112 1402 1180 1432 tam
1206 1398 1261 1431 diu
1288 1400 1494 1441 superstites.
1543 1398 1617 1437 Quo
1642 1399 1743 1432 modo
1768 1399 1869 1431 silvas
1894 1398 2068 1441 saltusque

164 1445 420 1489 penetrantibus
444 1446 668 1479 fortissimum
694 1445 849 1488 quodque
873 1445 996 1479 animal
1021 1447 1135 1478 contra
1157 1456 1261 1484 ruere,
1284 1445 1405 1488 pavida
1426 1447 1459 1478 et
1479 1444 1601 1478 inertia
1619 1444 1694 1488 ipso
1714 1445 1860 1489 agminis
1880 1456 1964 1478 sono
1984 1446 2068 1489 pelli

161 1494 329 1536 seruntur,
355 1492 402 1526 sic
426 1492 580 1527 acerrimi
604 1492 858 1526 Brittannorum
883 1493 948 1526 iam
973 1491 1101 1536 pridem
1127 1491 1329 1533 ceciderunt,
1359 1491 1508 1534 reliquus
1538 1493 1589 1525 est
1617 1503 1777 1525 numerus
1808 1492 2007 1536 ignavorum
2032 1494 2067 1525 et

164 1539 398 1573 metuentium.
447 1539 539 1579 Quos
569 1539 658 1583 quod
688 1539 821 1572 tandem
851 1538 1039 1582 invenistis,
1068 1550 1135 1572 non
1163 1539 1370 1581 restiterunt,
1401 1538 1458 1571 sed
1482 1538 1637 1582 deprensi
1662 1540 1755 1572 sunt:
1784 1538 1989 1572 novissimae
2014 1550 2066 1572 res

122 1600 149 1621 ao
164 1588 198 1620 et
223 1589 373 1621 extremo
399 1589 491 1621 metu
517 1589 635 1631 torpor
660 1586 802 1620 defixere
827 1586 931 1620 aciem
956 1587 991 1619 in
1015 1585 1067 1619 his
1091 1585 1253 1630 vestigiis,
1283 1585 1317 1618 in
1344 1585 1467 1628 quibus
1496 1585 1672 1629 pulchram
1697 1589 1732 1619 et
1756 1585 1975 1629 spectabilem
2000 1586 2065 1619 vic-

164 1634 286 1667 toriam
312 1634 464 1667 ederetis.
513 1633 704 1678 Transigite
729 1644 804 1667 cum
830 1632 1105 1677 expeditionibus,
1131 1632 1280 1676 inponite
1305 1632 1551 1677 quinquaginta
1575 1632 1671 1666 annis
1697 1644 1857 1678 magnum
1883 1632 1982 1676 diem,
2010 1632 2065 1666 ad-

163 1681 306 1725 probate
330 1681 379 1714 rei
403 1681 558 1725 publicae
582 1692 765 1724 numquam
796 1680 957 1714 exercitui
986 1680 1132 1723 inputari
1157 1679 1305 1723 potuisse
1330 1682 1388 1712 aut
1407 1690 1519 1712 moras
1539 1679 1621 1713 belli
1640 1681 1700 1712 aut
1719 1690 1837 1712 causas
1857 1679 2065 1713 rebellandi?

281 1728 328 1761 Et
352 1728 554 1771 adloquente
579 1727 688 1760 adhuc
712 1726 871 1770 Agricola
895 1726 1040 1759 militum
1065 1726 1164 1759 ardor
1187 1725 1366 1768 eminebat,
1391 1728 1425 1758 et
1449 1725 1550 1758 finem
1575 1725 1739 1759 orationis
1764 1726 1884 1770 ingens
1908 1726 2065 1759 alacritas
2079 1729 2120 1757 85

278 1871 292 1896 1
315 1867 474 1904 Brittanni]
496 1867 626 1895 britanni
646 1869 727 1895 abt?
808 1868 824 1894 2
845 1865 917 1902 tam]
938 1865 1011 1894 itam
1030 1866 1056 1892 Η
1075 1873 1110 1892 m.
1123 1873 1178 1900 pr„
1198 1864 1230 1892 in
1249 1872 1303 1899 quo
1323 1873 1358 1892 m.
1373 1872 1424 1892 sec.
1441 1864 1473 1892 in
1493 1864 1623 1901 maryine
1642 1864 1710 1892 add.
1731 1864 1866 1892 deserent
1885 1863 1952 1892 illos
1973 1865 2064 1892 ceteri

163 1906 296 1941 germani
316 1907 449 1942 tanqua,
469 1914 521 1933 om.
539 1907 578 1932 ab
664 1904 763 1941 ceteri]
785 1902 892 1932 coeteri
912 1913 937 1936 a,
958 1902 1047 1940 ceteri
1066 1904 1083 1929 b
1168 1902 1266 1939 quam]
1288 1903 1409 1937 tamqua
1429 1911 1456 1937 a,
1475 1903 1550 1937 tanc-1
1568 1904 1585 1929 b
1672 1901 1769 1939 Usipi]
1791 1901 1877 1938 vsipij
1898 1904 1915 1929 b
2001 1901 2063 1930 Nec

163 1943 323 1979 quicquam
343 1946 369 1970 Ε
388 1952 424 1970 m.
439 1952 491 1971 sec.
508 1946 556 1970 ¹:⁸1²:
577 1942 772 1978 nequicquam
792 1944 848 1976 Ha,
868 1948 1053 1976 nequaquam
1072 1942 1089 1966 b
1161 1944 1176 1965 3
1197 1939 1309 1975 senum]
1331 1939 1444 1966 senium
1464 1942 1481 1965 b
1553 1942 1571 1966 4
1591 1948 1680 1975 aegra
1694 1939 1867 1976 municipia]
1884 1940 1917 1967 in
1932 1940 2064 1976 margine

162 1981 196 2009 in
214 1983 241 2008 n
261 1990 337 2009 man.
352 1990 404 2009 sec.
421 1980 488 2008 add.
504 1980 600 2008 taetra
619 1979 775 2015 mancipia,
795 1979 860 2007 item
874 1979 908 2006 in
921 1982 958 2005 at
1022 1977 1147 2014 ceterae]
1163 1977 1277 2014 coetere
1292 1986 1317 2011 a,
1339 1977 1435 2014 cetere
1449 1979 1466 2003 b
1544 1979 1561 2004 6
1580 1977 1704 2014 poenae]
1721 1984 1797 2015 pene
1812 1979 1829 2004 b
1907 1979 1922 2004 7
1943 1976 2063 2006 fremitu

163 2019 322 2056 cantuque]
345 2020 434 2046 cantu
453 2018 630 2053 fremituque
649 2020 688 2045 ab
783 2019 799 2044 8
819 2016 983 2052 procursus]
1008 2023 1147 2051 procursu
1166 2017 1193 2041 Η
1212 2024 1247 2042 m.
1268 2023 1318 2042 see.
1335 2017 1394 2041 abt
1487 2014 1699 2051 instruebatur]
1725 2016 1758 2043 in
1777 2017 1804 2041 11
1827 2023 1863 2042 m.
1878 2023 1931 2043 sec·
1946 2015 2014 2043 aad.
2029 2016 2063 2043 in

162 2058 293 2094 maryine
313 2056 533 2090 instituebatur,
553 2057 617 2084 item
638 2056 670 2083 in
689 2065 707 2082 a
800 2057 816 2081 9
836 2052 1034 2089 munimentis]
1055 2051 1175 2080 monitis
1195 2054 1270 2085 Eat,
1289 2052 1338 2079 sed
1357 2052 1389 2079 in
1408 2053 1434 2078 Η
1454 2061 1489 2079 m.
1505 2060 1555 2080 sec.
1572 2052 1639 2080 add.
1660 2053 1693 2080 in
1712 2053 1844 2088 marqine
1862 2052 2062 2085 munimentis,

162 2114 228 2142 item
247 2115 280 2142 in
300 2124 318 2141 a
384 2113 554 2149 coercitum]
577 2111 754 2141 cohercitum
773 2113 843 2138 Hab
913 2109 1049 2145 militem]
1070 2095 1199 2142 militdm
1218 2118 1236 2135 a
1309 2110 1342 2135 10
1363 2107 1510 2144 Septimus
1531 2108 1698 2136 Acidalius:
1720 2107 1851 2136 Octauus
1870 2110 1962 2136 Habt
1980 2117 2063 2143 corr„

163 2151 298 2188 Optauus
318 2156 331 2179 t
349 2161 385 2179 m.
397 2160 444 2188 pr.
513 2150 612 2187 atque]
630 2149 725 2185 adque
740 2151 765 2176 Η
779 2158 814 2177 m.
828 2157 872 2184 pr.
942 2150 974 2174 11
995 2146 1181 2182 Brittaniam]
1198 2145 1391 2173 brittanniam
1406 2148 1432 2172 Η
1447 2155 1483 2174 m.
1495 2154 1553 2181 pr„
1568 2145 1752 2173 Britanniam
1768 2148 1795 2173 Β
1809 2155 1845 2174 m.
1860 2154 1912 2174 sec.
1928 2148 2006 2174 abt?

162 2189 295 2226 proeliis]
317 2189 419 2226 preliis
438 2191 455 2216 b
532 2188 630 2216 hostes
663 2186 755 2215 hostis
774 2189 790 2213 b
868 2188 900 2213 12
920 2192 1014 2219 neque
1033 2184 1094 2220 vos]
1115 2191 1169 2211 nee
1188 2191 1241 2211 uos
1260 2185 1277 2210 b
1355 2186 1389 2210 13
1409 2182 1475 2219 ego]
1499 2191 1569 2219 ergo
1588 2185 1605 2210 b
1682 2182 1874 2219 exercituum]
1900 2183 2061 2212 exercitum

162 2229 188 2254 11
207 2236 243 2255 m.
255 2236 303 2263 pr.
383 2229 416 2253 14
437 2225 610 2262 Brittaniae]
652 2223 809 2252 rittanniae
824 2226 858 2257 Η,
878 2221 1043 2250 britanniae
1062 2220 1146 2248 abt?
1220 2219 1377 2257 Brittania]
1395 2220 1559 2248 brittannia
1573 2222 1599 2247 Π
1613 2229 1648 2248 m.
1664 2228 1727 2254 see,
1742 2219 1899 2248 Britannia
1917 2223 1999 2249 abt?

164 2267 197 2291 15
219 2265 296 2301 cum]
318 2273 407 2300 quom
427 2274 444 2291 a
527 2265 698 2298 montesque
720 2261 888 2290 Urlichsius:
909 2260 1060 2286 montesue
1079 2260 1170 2285 Eabt
1255 2260 1289 2285 16
1309 2257 1405 2294 voces]
1426 2266 1530 2286 uocem
1549 2262 1563 2285 t
1648 2258 1728 2286 acies
1749 2258 1924 2287 Rhenamw:
1945 2258 2062 2287 animus

162 2305 254 2330 Habt
331 2305 364 2329 17
386 2301 560 2337 Omniaque]
582 2300 680 2328 omnia
699 2307 775 2334 quae
793 2301 838 2325 Et
914 2300 947 2324 18
967 2296 1093 2324 evasisse
1114 2295 1214 2331 silvas]
1236 2295 1326 2322 siluas
1347 2295 1478 2323 euasisse
1497 2298 1523 2329 b,
1544 2295 1643 2330 syluas
1663 2295 1793 2323 euasisse
1813 2305 1831 2322 a
1907 2297 2059 2333 transisse]

161 2339 314 2367 transiisse
333 2341 350 2366 b
429 2341 462 2366 19
483 2338 526 2366 ita
546 2338 717 2366 Rhenanus:
737 2335 808 2363 item
826 2337 916 2362 Habt
986 2332 1243 2369 periculosissima]
1267 2331 1477 2359 riculosissima
1496 2335 1522 2359 Η
1541 2341 1576 2360 m.
1590 2341 1636 2367 pr.
1707 2331 1850 2369 locorum]
1877 2332 2008 2361 locorum
2027 2343 2064 2361 ea·

162 2376 300 2406 decorum
320 2385 391 2406 corr.
407 2386 425 2405 a
511 2377 546 2404 20
566 2373 757 2411 abundantia]
779 2372 877 2401 abund
898 2371 960 2400 atia
979 2373 1005 2398 11
1089 2372 1122 2398 21
1144 2377 1238 2405 neque
1258 2369 1412 2407 exercitus]
1439 2378 1493 2398 nec
1513 2369 1657 2398 exercitus
1676 2372 1693 2398 b
1780 2372 1816 2398 28
1837 2371 1938 2408 atque]
1964 2371 2062 2407 adque

161 2417 188 2442 Η
207 2424 243 2443 m.
255 2424 301 2451 pr.
379 2418 414 2442 24
435 2413 625 2449 exercituum]
647 2411 805 2440 exercitum
824 2413 850 2436 Η
869 2419 904 2437 m.
916 2418 962 2444 pr.
1049 2411 1084 2435 25
1104 2407 1268 2444 adgressos]
1290 2416 1444 2443 aggressos
1464 2417 1490 2441 a,
1512 2416 1644 2443 agressos
1664 2410 1681 2434 b
1760 2411 1795 2435 26
1815 2407 1858 2444 hi]
1880 2408 1924 2435 hii
1943 2411 1988 2435 Et

162 2452 335 2488 ceterorum]
363 2452 543 2479 coeterorum
567 2459 598 2484 a,
625 2451 786 2486 ceterorum
805 2449 822 2473 b
915 2445 1146 2481 Brittannorum]
1168 2444 1370 2472 britannomm
1394 2446 1420 2471 Κ
1444 2453 1480 2471 m.
1500 2452 1551 2472 sec.
1571 2447 1651 2472 abt?
1727 2444 1827 2482 silvas]
1850 2444 1950 2480 syluas
1970 2454 1988 2472 a

162 2492 196 2517 27
213 2489 362 2526 quodque]
379 2497 495 2525 quoque
510 2490 608 2521 naht,
624 2487 672 2515 sed
686 2487 718 2513 in
737 2495 755 2512 a
768 2485 801 2512 in
815 2485 945 2520 margine
964 2483 1030 2511 add.
1045 2482 1114 2518 qdq·
1129 2483 1211 2518 puto.
1267 2482 1362 2518 ruere]
1379 2483 1412 2509 in
1426 2484 1453 2508 11
1467 2491 1502 2510 m.
1518 2490 1569 2510 sec.
1585 2483 1619 2510 in
1633 2483 1764 2519 margine
1778 2482 1845 2510 aad.
1861 2482 1989 2511 mebant

160 2527 236 2564 pelli
253 2527 390 2563 feruntur
408 2526 524 2563 scripsi:
545 2524 728 2562 pellebantur
746 2524 836 2550 Habt
897 2523 932 2549 28
952 2519 1182 2557 Brittannorum]
1199 2519 1402 2548 britannorum
1422 2522 1482 2548 abt
1537 2519 1679 2557 reliquus]
1701 2519 1823 2556 reliquis
1845 2523 1872 2548 Η
1890 2530 1927 2549 m.
1938 2530 1987 2557 pr.

160 2567 191 2594 et
216 2566 422 2603 metuentium]
453 2563 632 2593 dementium
651 2565 690 2596 Η,
718 2561 766 2590 sed
789 2570 824 2588 m.
844 2568 895 2588 sec.
915 2559 981 2588 add.
1002 2559 1034 2586 in
1057 2559 1186 2594 margine
1213 2559 1243 2585 et
1271 2558 1475 2591 metuentium,
1502 2558 1683 2586 dementium
1706 2560 1737 2586 et
1760 2558 1956 2586 metuentium
1975 2564 1989 2586 t

160 2606 196 2631 29
215 2603 398 2640 restiterunt]
419 2602 610 2635 restituerunt
628 2602 654 2634 b,
674 2600 707 2627 in
726 2608 743 2626 a
757 2598 824 2626 add.
839 2598 872 2626 in
885 2597 1027 2633 maryine:
1048 2595 1127 2631 quod
1141 2594 1257 2623 tamdiu
1276 2604 1334 2623 non
1348 2595 1514 2629 inuenistis,
1529 2595 1709 2623 restiterunt.
1743 2595 1792 2623 Sic
1811 2594 1971 2632 legendum
1989 2598 2063 2633 puto

235 2640 383 2678 deprensi]
404 2639 578 2676 deprehensi
597 2648 623 2671 a,
644 2635 817 2673 deprehensi
831 2637 857 2670 b,
877 2632 1065 2670 deprehensis
1085 2637 1098 2660 t
1173 2635 1209 2661 30
1223 2633 1324 2668 torpor
1339 2633 1446 2661 Rider:
1467 2640 1590 2668 corpora
1609 2635 1700 2660 Eabt
1776 2636 1811 2662 81
1836 2633 1983 2671 inponite]
2009 2634 2064 2664 im·

159 2679 261 2715 ponite
281 2681 340 2706 abt
397 2676 573 2714 adprobate]
592 2674 772 2711 adprobatae
790 2674 826 2707 Β,
845 2671 1007 2708 approbate
1064 2673 1099 2699 32
1118 2669 1261 2707 inputari]
1282 2670 1429 2706 imputare
1449 2673 1488 2698 ab
1547 2673 1582 2698 33
1603 2670 1793 2708 adloquente]
1815 2670 1985 2707 alloquente
2004 2674 2065 2700 abt
