2255 2925
805 55 987 86 comm
1005 56 1133 86 *mern
1152 56 1369 89 AGRIGOLAE
1390 59 1461 85 ⁴⁵—-
1465 59 1501 84 4⁶

53 139 102 179 ⁴522}
184 112 370 188 turdique
381 143 520 199 scelera,
543 155 614 179 non
638 144 819 189 spectavit:
850 144 1033 188 praecipua
1057 144 1120 178 sub
1144 143 1343 179 Domitiano
1367 143 1578 178 miseriarum
1601 155 1696 188 pars
1692 145 1778 184 erat
1800 142 1915 186 videm

96 210 104 216 -
130 192 161 235 ’,-
183 201 451 273 3111,ῧὲοωῖ
462 193 592 273 ιιοὶξια
620 190 928 272 subscriberenturt,
956 190 1266 272 cumddenotaudis
1287 192 1355 272 got5
1371 190 1546 225 homiuum
1575 190 1764 235 palloribus
1791 189 1978 229 amoenet·-

228 248 248 272 e
413 249 649 274 erura
711 249 962 273 uoseconra
1009 248 1332 273 uoremmumea
1974 244 2011 269 ⁷⁴.

308 284 363 320 'I'u
391 297 473 321 vero
500 265 600 331 felii,
612 238 806 333 [AEggcola’
833 297 903 321 non
932 249 1022 320 vitalis
1046 287 1179 320 tantum
1206 285 1373 332 claritate,
1396 283 1455 318 sed
1479 284 1581 320 etiam
1606 284 1862 330 opportunitate
1884 283 2034 326 mortu:
2077 331 2080 334 Δ

188 332 383 378 perhibent,
405 333 468 378 qui
491 333 676 368 interfuere
700 333 897 367 novissimis
922 332 1135 367 sermonibus
1154 333 1232 375 tuis,
1243 312 1409 366 ¹consta'ns
1429 333 1463 365 et
1481 331 1592 366 libens
1611 330 1719 366 fatum
1742 332 1916 377 excepisti,
1930 334 2008 374 tam
2042 369 2046 373 ⁴
2082 334 2086 337 ’
2110 344 2112 348 ·

180 386 265 425 -pjto
279 379 376 415 *inii
396 380 565 425 portione
593 380 822 415 innocentiam
852 379 1000 425 principi
1030 379 1181 414 donares.
1235 377 1301 412 Sed
1330 377 1415 412 mihi
1443 377 1600 422 filiaeque
1629 378 1702 412 eius
1730 380 1866 423 praeter
1892 376 2125 434 mertuum-

189 426 343 472 psi-eum
372 427 481 481 erepti
505 429 609 473 auget
632 426 845 470 maestitiam,
870 426 962 470 quod
986 426 1137 460 adsidere
1161 426 1349 467 valitudini,
1377 425 1492 459 fovere
1515 425 1737 469 deficientem,
1760 426 1877 460 satiari
1900 426 2000 465 vultu
2023 436 2112 480 om-

190 473 370 519 plexuque
392 478 462 508 'non
491 474 646 519 contigit.
693 474 954 517 Excepissemus
985 476 1075 508 certe
1104 473 1261 508 mandata
1288 483 1469 516 vocesque,
1498 483 1582 516 quas
1609 471 1747 517 penitus
1776 472 1890 507 animo
1920 462 2111 518 figeremiis.

189 519 320 556 Noster
346 520 404 557 hie
433 520 545 566 dolor,
574 523 728 555 nostrum
759 520 897 565 vulnus,
924 520 1026 554 nobis
1056 522 1126 554 tam
1157 520 1279 565 longae
1310 518 1481 552 absentiae
1513 518 1712 553 condicione
1743 522 1821 554 ante
1853 519 2110 564 quadriennium

189 568 336 602 amissus
370 570 430 602 est.
490 567 614 602 Omnia
647 569 720 602 sine
755 568 874 611 dubio,
909 568 1036 612 optime
1070 570 1262 611 parentum,
1299 565 1473 600 adsidente
1507 566 1742 601 amantissima
1774 578 1880 601 uxore
1913 567 2110 612 superfuere
2125 581 2152 600 ιο

189 614 314 650 honori
342 619 420 660 tuo,
448 614 665 661 paucioribus
694 616 810 650 tamen
839 614 989 649 lacrimis
1019 613 1248 660 comploratus
1280 625 1329 657 es,
1358 615 1392 646 et
1420 613 1606 647 novissima
1630 613 1666 647 iu
1695 613 1771 648 luce
1795 614 2027 649 desideravere
2050 614 2109 648 ali—

213 662 275 696 uid
300 663 391 697 oculi
416 663 478 697 tui.

133 711 175 740 46
190 674 212 707 q
285 709 322 744 Si
353 710 432 754 quis
463 710 598 754 piorum
631 710 788 744 manibus
819 710 930 753 locus,
963 711 1006 753 si,
1038 711 1076 742 ut
1108 708 1316 754 sapientibus
1346 707 1471 752 placet,
1503 719 1570 742 non
1603 718 1680 743 cum
1713 719 1854 754 corpore
1888 710 2111 755 extinguntur

189 767 333 802 magnae
358 756 506 801 animae,
529 756 660 802 placide
686 757 839 802 quiescas
863 767 1007 800 nosque,
1032 756 1169 791 domum
1195 758 1302 796 tuam,
1331 755 1373 789 ab
1403 755 1539 789 infirmo
1565 755 1732 790 desiderio
1757 759 1792 790 et
1815 756 2038 791 muliebribus
2062 756 2110 790 la-

189 803 313 837 mentis
344 804 388 838 ad
419 804 743 848 contemplationem
776 805 941 837 virtutum
975 806 1110 836 tuarum
1141 815 1253 845 voces⁷
1285 814 1367 845 quas
1397 813 1507 846 neque
1538 802 1649 848 lugeri
1679 814 1789 846 neque
1817 803 1934 849 plangi
1964 804 2016 837 sas
2048 806 2107 837 est.
2123 816 2150 836 ιε

189 850 426 885 Admiratione
450 853 484 885 te
508 851 623 895 potius
648 854 682 885 et
706 850 957 884 immortalibus
981 850 1137 884 laudibus
1162 853 1205 893 et,
1229 850 1257 884 si
1281 851 1401 883 natura
1423 849 1627 894 suppeditet,
1646 849 1870 885 similitudine
1889 850 2054 886 colamus:
2078 851 2108 886 is

189 908 290 932 verus
314 897 435 942 honos,
459 909 498 931 ea
522 898 791 932 coniunctissimi
817 898 979 941 cuiusque
1004 897 1121 941 pietas.
1161 897 1199 930 Id
1219 896 1307 930 filiae
1328 908 1462 950 quoque
1482 897 1648 941 uxorique
1666 898 1905 943 praeceperim,
1923 898 1974 932 sic
1992 899 2108 943 patris,

189 945 240 979 sic
269 945 383 979 mariti
415 945 614 980 memoriam
648 945 814 987 venerari,
845 947 884 977 ut
915 944 1029 978 omnia
1062 944 1151 978 facta
1180 945 1333 988 dictaque
1367 944 1440 977 eius
1475 954 1589 977 secum
1623 944 1799 978 revolvant
1827 945 2039 989 formamque
2068 956 2107 979 ac

187 992 334 1037 figuram
360 992 465 1027 animi
490 993 600 1037 magis
626 1003 727 1037 quam
752 992 904 1036 corporis
929 991 1212 1035 complectantur,
1240 1002 1308 1024 non
1338 991 1417 1035 quia
1447 990 1722 1026 intercedendum
1746 993 1864 1036 putem
1889 992 2107 1039 imaginibus,

188 1050 276 1083 quae
305 1051 474 1073 marmore
503 1042 562 1072 aut
591 1050 667 1072 aere
696 1040 886 1084 finguntur,
917 1039 974 1071 sed
1004 1041 1043 1071 ut
1074 1039 1189 1071 vultus
1218 1038 1407 1080 hominum,
1436 1038 1486 1071 ita
1515 1039 1696 1072 simulacra
1725 1039 1840 1073 vultus
1870 1039 2039 1074 imbecilla
2067 1050 2149 1073 acro

187 1085 345 1120 mortalia
375 1088 470 1129 sunt,
498 1086 609 1120 forma
641 1086 764 1120 mentis
794 1088 945 1128 aeterna,
975 1097 1076 1129 quam
1105 1087 1219 1120 tenere
1250 1087 1283 1119 et
1312 1086 1499 1129 exprimere
1523 1097 1594 1120 non
1617 1097 1678 1131 per
1701 1085 1846 1121 alienam
1871 1085 2046 1121 materiam
2071 1088 2106 1120 et

186 1134 310 1176 artem,
339 1133 398 1168 sed
426 1113 495 1168 tu'is
525 1133 598 1178 ipse
622 1132 774 1168 moribus
800 1133 918 1187 possis.
968 1131 1140 1178 Quidquid
1165 1144 1205 1167 ex
1230 1131 1390 1179 Agricola
1413 1133 1614 1177 amavimus,
1643 1133 1809 1178 quidquid
1835 1134 1947 1168 mirati
1976 1144 2105 1177 sumus,

186 1183 303 1214 manet
331 1192 596 1229 mansurumque
626 1183 678 1214 est
706 1181 741 1213 in
772 1181 893 1213 animis
924 1180 1116 1223 hominum,
1146 1181 1181 1213 in
1210 1180 1408 1214 aeternitate
1437 1183 1645 1224 temporum,
1669 1182 1707 1215 in
1730 1181 1822 1215 fama
1845 1193 1966 1215 rerum.
2014 1180 2103 1216 Nam

186 1227 313 1262 multos
346 1223 453 1262 veluti
488 1229 652 1271 inglorios
687 1231 721 1261 et
756 1227 923 1272 ignobiles
958 1226 1086 1261 oblivio
1121 1227 1255 1270 obruet,
1285 1226 1444 1272 Agricola
1477 1228 1670 1271 posteritati
1700 1230 1857 1263 narratus
1891 1230 1926 1263 et
1958 1228 2104 1263 traditus

186 1276 359 1318 superstes
384 1274 456 1308 erit.
2118 1287 2146 1309 ss

299 1380 316 1404 3
332 1377 364 1414 [a
390 1377 444 1406 del.
455 1377 543 1413 Lipsv
543 1386 579 1405 us
637 1380 654 1404 4
669 1376 754 1414 felix]
771 1375 861 1405 foelix
871 1379 904 1411 A,
919 1375 991 1414 felix
1005 1378 1027 1403 B
1085 1375 1236 1413 Agricola]
1252 1377 1284 1404 in
1298 1379 1321 1404 A
1335 1385 1478 1412 suprascr.
1495 1385 1512 1405 o
1565 1377 1661 1442 yitae!
1677 1377 1772 1416 nitate
1787 1380 1810 1406 G
1867 1378 2089 1414 opportunitate

186 1414 360 1450 oportunita
409 1416 478 1442 ΒΜ
568 1414 763 1450 fiper-hibent
783 1414 975 1443 Puteolanus:
996 1413 1187 1457 perhiberent
1206 1416 1297 1441 ΔΒΘΤ
1371 1414 1543 1452 interfuere]
1562 1424 1595 1442 ιιι
1674 1416 1761 1443 erunt
1779 1417 1825 1443 AB
1916 1416 2089 1452 apertione

184 1451 321 1489 portione
339 1453 362 1480 B
420 1454 436 1480 7
456 1450 653 1490 maestitiam]
671 1450 840 1480 moestitiae
860 1453 907 1479 AG
965 1450 1102 1479 adsidere
1121 1454 1178 1480 Τῖι
1200 1451 1328 1480 assidere
1347 1454 1417 1479 ABG
1472 1451 1643 1497 valitudini]
1663 1452 1829 1481 ualetudini
1850 1456 1872 1481 G
1929 1456 1947 1481 8
1962 1453 2090 1491 contigit

185 1490 333 1528 contingit
346 1493 368 1517 Τ
425 1490 661 1527 Excepissemus
680 1490 822 1519 Helena:
845 1489 1033 1526 Excepissem
1053 1491 1144 1516 ABG!
1202 1489 1367 1527 figeremus]
1386 1491 1419 1518 in
1437 1492 1461 1518 A
1480 1490 1562 1519 mtra
1580 1499 1687 1526 versus,
1706 1491 1739 1520 in
1760 1493 1807 1519 ΘΤ
1827 1492 1859 1520 in
1879 1492 2009 1529 margine
2028 1500 2100 1521 acor.

184 1547 373 1584 pingeremus
457 1551 474 1575 9
494 1546 594 1584 nobis]
613 1556 668 1576 mn.
683 1549 739 1581 AB,
758 1547 807 1575 sed
826 1548 860 1575 in
879 1549 902 1574 A
922 1547 1003 1575 intra
1023 1555 1120 1575 versus
1139 1547 1206 1575 add.
1287 1547 1360 1584 tam]
1381 1534 1441 1576 tum
1464 1550 1495 1583 G,
1515 1549 1547 1577 in
1567 1550 1591 1576 A
1609 1549 1682 1584 tam,
1701 1548 1751 1577 sed
1769 1549 1800 1577 in
1821 1549 1952 1586 maraine
1971 1557 2044 1579 aser.
2061 1549 2102 1578 A}

184 1604 247 1632 tum
309 1601 431 1641 longae]
450 1602 540 1640 louge
523 1591 587 1638 ⁸‚G
606 1591 698 1639 longa
717 1604 750 1637 A,
770 1611 822 1640 ure
841 1605 863 1631 B
922 1602 1094 1631 condicione
1109 1605 1166 1632 1⁸1³:
1187 1602 1353 1632 conditione
1368 1606 1437 1632 ABG
1510 1607 1545 1633 10
1565 1604 1720 1634 adsidente
1735 1608 1790 1634 Τιι
1811 1605 1961 1634 assidente
1975 1607 2045 1634 uG

186 1645 218 1669 11
240 1641 354 1679 tamen]
373 1643 407 1669 tii
427 1642 450 1668 G
481 1611 670 1678 lacrimis]
689 1640 891 1676 lachrymisn
973 1639 1185 1677 comploratus]
1206 1641 1237 1669 in
1256 1643 1303 1669 AG
1322 1642 1389 1670 add.
1405 1643 1437 1670 in
1458 1644 1587 1680 nmryine
1609 1642 1790 1680 compositus
1881 1643 2100 1687 desideravere]

183 1679 255 1714 desy
257 1678 399 1707 derauere
418 1681 442 1706 A
520 1681 556 1707 13
575 1678 706 1715 piorum]
747 1678 858 1706 riorum
877 1682 907 1713 Τ
927 1678 976 1707 sed
994 1687 1010 1706 r
1028 1687 1048 1707 a
1066 1678 1242 1707 rubricator-e
1260 1679 1312 1708 del.
1392 1683 1425 1708 14
1445 1680 1579 1723 domum]
1600 1680 1709 1709 domun
1729 1683 1752 1708 G
1833 1680 1992 1719 desiderio]
2015 1681 2099 1718 desy-

183 1716 266 1744 derio
285 1719 310 1744 A
385 1715 593 1754 muliebribus]
613 1715 731 1745 mulieri
752 1725 787 1745 us
807 1717 828 1745 B
906 1719 941 1745 15
961 1715 1251 1754 contemplationem]
1272 1717 1551 1760 contemplacionem
1570 1721 1604 1753 A,
1624 1719 1709 1747 conte
1710 1717 1875 1755 plutionsm
1894 1721 1917 1748 G
1992 1728 2011 1747 ιι
2013 1719 2099 1758 eque]

351 1763 389 1790 eq
523 1756 546 1781 B
605 1757 640 1782 16
655 1753 699 1791 te]
714 1754 750 1782 ab
765 1755 807 1782 s'n.
823 1763 876 1782 om.
892 1755 973 1782 intra
986 1762 1084 1783 versus
1098 1754 1165 1782 add.
1182 1756 1204 1780 G
1262 1756 1292 1782 et
1305 1754 1521 1784 immortalibus
1537 1741 1706 1785 Acidaliae.
1710 1727 1787 1785 ptem
1787 1756 1942 1792 portubus
1956 1758 2011 1791 Aa.
2026 1759 2097 1786 tem-

182 1791 335 1828 poralibus
355 1793 387 1821 et
401 1794 424 1820 G
524 1794 547 1819 G
561 1791 631 1820 add.
647 1793 680 1820 io·
695 1792 827 1829 maryine
846 1790 1030 1828 temporibus
1112 1790 1308 1820 similitudine
1329 1792 1462 1822 Grotius.
1482 1793 1613 1823 militum
1627 1796 1706 1830 AG'l’
1725 1793 1853 1824 multum
1868 1795 1892 1823 1
1967 1779 2099 1824 colamus

183 1830 333 1860 eretum
354 1830 374 1858 d
548 1832 641 1858 ABG'l·
739 1832 773 1858 1‘1
794 1829 887 1858 honos
907 1832 988 1858 am:
1008 1829 1101 1857 honor
1122 1832 1143 1856 G
1239 1832 1274 1858 18
1293 1829 1477 1868 formamque
1516 1831 1686 1868 famamque
1705 1833 1776 1860 uo
1870 1834 1908 1861 20
1927 1832 2099 1877 simulacra]

182 1867 362 1912 simulachra
380 1870 404 1895 B
522 1867 645 1905 becilla]
664 1867 828 1896 imbecillia
848 1870 869 1895 B
960 1871 996 1896 22
1016 1867 1089 1904 tuis]
1110 1870 1142 1901 ut
1162 1868 1221 1896 tuis
1241 1871 1263 1895 G
1338 1869 1468 1906 Quidqui
1491 1870 1503 1907 ]
1523 1869 1672 1906 Quicquid
1691 1871 1761 1898 nc
1837 1869 1931 1907 quidq
1910 1869 2099 1938 quiquuic-

182 1905 254 1942 qmd
275 1907 346 1934 ABG
441 1907 478 1934 23
561 1905 630 1935 add.
646 1905 787 1934 Halmius
883 1908 918 1933 24
943 1904 1052 1933 multos
1077 1907 1103 1932 11
1123 1909 1188 1934 teste
1208 1906 1385 1936 Decembrio:
1406 1907 1516 1936 multos
1535 1909 1670 1937 ueterum
1689 1909 1781 1936 nor
1875 1908 1968 1938 veluti

534 1974 578 2000 Gr
727 1971 823 2000 obiles
843 1973 870 1999 11
889 1975 955 2000 teste
975 1971 1141 2000 Decembrio
1161 1973 1192 1999 B:
1215 1971 1225 2000 i
1267 1971 1354 2002 obilis
1374 1975 1411 2008 Δ,
1436 1973 1577 2012 ignobilis
1601 1977 1669 2003 Gr?
1765 1973 1945 2003 CORNELII
1971 1973 2099 2004 'nom

512 2037 515 2040 Δ
558 2009 605 2037 VS
625 2009 689 2036 IVL
737 2008 956 2037 AGRICOLAE
976 2009 1090 2037 LIBER
1111 2009 1256 2037 ΕΧΡῙΙ1
1245 2011 1282 2038 1Τ
1302 1995 1438 2045 G‚I·*i1iis
1457 2015 1488 2046 Τ
1510 2013 1642 2040 Telos!
1648 2034 1655 2046 ,
1675 2014 1863 2049 inscriptione
1881 2016 1959 2041 earet
1978 2014 2002 2040 A

182 1972 363 2002 Demetrio:
383 1970 468 2002 uelut
