2312 3005
159 138 250 165 ABG?
765 138 943 169 CORNELII
962 139 1088 169 ΤΑΟῙΤῙ
1108 139 1324 169 AGRICOLAE
1345 144 1454 169 42—45
2026 138 2067 170 19

158 233 230 257 esse
255 222 522 268 obsequiumque
547 236 585 259 ac
610 225 818 271 modestiam,
843 225 871 260 si
896 226 1062 261 industria
1086 238 1124 261 ac
1148 227 1246 271 vigor
1270 226 1390 271 adsint,
1414 238 1452 261 eo
1477 227 1586 261 laudis
1611 225 1799 269 escendere,
1825 236 1892 269 quo
1912 225 2065 269 plerique

156 281 218 313 per
241 270 384 315 abrupta
408 272 476 305 nisi
500 272 536 305 in
559 274 691 306 nullum
715 273 763 307 rei
788 273 943 317 publicae
967 286 1064 307 usum
1090 274 1271 308 ambitiosa
1294 277 1402 307 morte
1426 274 1666 308 inclaruerunt.

273 317 367 351 Finis
397 318 485 353 vitae
514 319 586 353 eius
615 319 714 353 nobis
742 320 930 364 luctuosus,
960 321 1077 355 amicis
1107 321 1229 364 tristis,
1256 322 1423 355 extraneis
1447 322 1548 355 etiam
1572 320 1769 366 ignotisque
1793 330 1863 352 non
1887 318 1960 352 sine
1984 329 2065 352 cura
2080 321 2121 350 48

156 363 231 397 fuit.
263 364 396 408 Vulgus
417 377 552 408 quoque
572 368 606 399 et
625 366 681 399 hic
700 367 791 400 aliud
811 378 914 411 agens
933 368 1079 411 populus
1104 370 1138 400 et
1162 368 1366 401 ventitavere
1391 368 1433 400 ad
1457 368 1594 401 domum
1618 369 1653 400 et
1677 377 1740 410 per
1762 365 1838 398 fora
1861 367 1896 397 et
1919 364 2063 398 circulos

128 422 140 443 ε
156 409 262 444 locuti
294 413 381 445 sunt.
429 410 501 445 Nec
533 412 712 457 quisquam
743 413 856 448 audita
887 415 996 448 morte
1027 414 1206 460 Agricolae
1238 417 1296 448 aut
1326 414 1470 449 laetatus
1506 418 1557 448 est
1591 415 1650 448 aut
1685 412 1802 447 statim
1837 411 1974 446 oblitus.
2018 410 2064 445 Et

155 457 300 501 augebat
329 459 578 492 miserationem
613 463 770 494 constans
805 472 921 494 rumor
949 473 1077 495 veneno
1106 462 1344 504 interceptum:
1378 461 1477 494 nobis
1505 461 1593 494 nihil
1622 459 1801 503 comperti,
1830 461 1867 492 ut
1895 458 2063 491 affirmare

155 504 272 538 ausim.
321 504 476 539 Ceterum
506 517 566 550 per
594 517 727 541 omnem
757 507 977 542 valitudinem
1007 509 1078 543 eius
1107 508 1255 543 crebrius
1286 520 1385 553 quam
1415 520 1456 542 ex
1485 519 1579 543 more
1603 507 1816 552 principatus
1839 517 1901 551 per
1924 504 2063 539 nuntios

156 552 294 586 visentis
326 555 360 587 et
389 553 588 588 libertorum
619 554 720 598 primi
748 558 782 588 et
810 555 1015 589 medicorum
1046 556 1159 589 intimi
1187 567 1320 598 venere,
1350 557 1419 588 sive
1448 567 1528 588 cura
1557 555 1640 588 illud
1671 555 1742 587 sive
1772 552 1950 597 inquisitio
1980 555 2062 585 erat.

156 597 319 641 Supremo
349 599 485 642 quidem
516 600 570 634 die
598 603 768 635 momenta
796 601 870 645 ipsa
900 602 1085 636 deficientis
1115 613 1174 646 per
1198 603 1380 647 dispositos
1405 613 1556 636 cursores
1581 601 1738 635 nuntiata
1763 599 1944 635 constabat
1967 600 2063 633 nullo

115 657 141 678 ιο
157 645 310 679 credente
335 646 384 680 sic
407 647 591 691 accelerari,
615 659 700 691 quae
725 649 831 682 tristis
852 649 990 683 audiret.
1036 649 1187 692 Speciem
1211 652 1324 683 tamen
1344 649 1468 683 doloris
1488 649 1609 682 habitu
1631 648 1795 690 vultuque
1814 658 1896 691 prae
1916 658 1952 680 se
1973 646 2063 686 tulit,

156 702 293 725 securus
317 693 383 726 iam
409 693 478 727 odii
503 695 546 736 et,
571 695 629 738 qui
654 695 788 729 facilius
814 695 1039 730 dissimularet
1064 696 1222 742 gaudium
1248 707 1348 740 quam
1368 698 1501 730 metum.
1547 694 1636 729 Satis
1657 694 1834 729 constabat
1854 694 1941 728 lecto
1961 695 2062 728 testa-

156 741 270 773 mento
290 739 478 784 Agricolae,
503 752 568 784 quo
593 742 788 776 coheredem
813 744 959 786 optimae
984 744 1081 777 uxori
1106 746 1139 777 et
1163 744 1334 787 piissimae
1357 743 1446 776 filiae
1465 743 1698 776 Domitianum
1720 742 1878 785 scripisit,
1897 741 2061 774 laetatum

156 797 232 819 eum
251 787 345 819 velut
363 786 490 820 honore
510 788 708 832 iudicioque.
742 789 825 823 Tam
846 801 943 823 caeca
963 792 997 824 et
1017 793 1175 834 corrupta
1199 801 1293 824 mens
1319 790 1460 824 assiduis
1485 789 1736 823 adulationibus
1756 790 1838 833 erat,
1857 789 1897 822 ut
1915 788 2061 822 nesciret

155 844 176 867 a
199 832 289 867 bono
314 835 409 877 patre
432 846 501 868 non
524 835 624 869 scribi
648 836 802 870 heredem
826 837 891 870 nisi
916 837 1041 871 malum
1066 838 1261 882 principem.

116 893 141 912 ιε,
272 880 383 913 Natus
407 883 478 914 erat
503 881 661 925 Agricola
680 882 763 915 Gaio
786 883 926 917 Caesare
951 886 1083 917 tertium
1107 884 1242 917 consule
1268 884 1378 916 idibus
1402 883 1524 916 Iuniis:
1548 883 1690 916 excessit
1715 884 1811 915 sexto
1837 884 1871 915 et
1894 882 2059 926 quinqua·
2074 884 2115 913 44

157 926 284 970 gesimo
315 938 402 961 anno
431 927 559 961 decimo
590 928 662 961 Kal.
688 928 899 972 Septembres
926 929 1065 974 Collega
1089 930 1270 974 Priscoque
1300 930 1502 964 consulibus.
1552 928 1650 968 Quod
1679 930 1707 962 si
1737 929 1890 962 habitum
1923 939 2058 972 quoque

156 972 228 1006 eius
252 974 379 1016 posteri
404 985 540 1007 noscere
564 974 683 1018 velint,
708 975 876 1009 decentior
899 988 999 1020 quam
1025 976 1200 1010 sublimior
1223 977 1302 1010 fuit:
1332 977 1417 1009 nihil
1442 979 1551 1010 metus
1577 977 1611 1009 in
1636 976 1747 1017 vultu,
1777 975 1887 1020 gratia
1911 975 1980 1008 oris
2005 986 2058 1007 su-

155 1022 296 1062 pererat.
332 1020 463 1053 Bonum
489 1021 599 1053 virum
622 1021 720 1054 facile
745 1023 904 1066 crederes,
929 1034 1087 1067 magnum
1113 1023 1265 1057 libenter.
1313 1023 1359 1056 Et
1383 1023 1455 1067 ipse
1480 1022 1630 1066 quidem,
1656 1033 1860 1066 quamquam
1885 1021 1998 1055 medio
2024 1021 2059 1054 in

156 1066 267 1111 spatio
293 1066 443 1113 integrae
467 1068 585 1101 aetatis
610 1070 754 1113 ereptus,
779 1072 939 1114 quantum
965 1071 1006 1105 ad
1025 1070 1178 1115 gloriam,
1197 1071 1433 1116 longissimum
1454 1081 1572 1104 aevum
1591 1069 1724 1114 peregit
1768 1068 1901 1112 Quippe
1921 1071 1955 1103 et
1980 1079 2060 1102 vera

112 1127 140 1146 ὀ
155 1113 254 1156 bona,
278 1126 363 1156 quae
387 1115 423 1146 in
447 1115 628 1147 virtutibus
653 1117 718 1148 sita
742 1119 829 1158 sunt,
854 1118 1058 1161 impleverat,
1083 1120 1116 1150 et
1141 1118 1306 1150 consulari
1332 1128 1371 1150 ac
1392 1116 1656 1159 triumphalibus
1677 1115 1884 1148 ornamentis
1903 1114 2059 1159 praedito

154 1159 236 1204 quid
260 1159 353 1193 aliud
377 1160 546 1194 adstruere
569 1161 705 1195 fortuna
728 1163 883 1206 poterat?
917 1162 1045 1209 Opibus
1075 1163 1188 1198 nimiis
1217 1175 1284 1199 non
1315 1163 1495 1209 gaudebat:
1525 1162 1696 1207 speciosae
1724 1172 1807 1196 sane
1836 1161 2058 1206 contigerant.

154 1207 241 1241 Filia
265 1210 366 1251 atque
389 1219 492 1241 uxore
518 1210 754 1251 superstitibus
778 1212 890 1252 potest
913 1211 1017 1243 videri
1042 1212 1142 1243 etiam
1163 1211 1280 1243 beatus
1301 1210 1461 1243 incolumi
1482 1209 1657 1254 dignitate,
1676 1209 1818 1242 florente
1836 1208 1938 1251 fama,
1957 1207 2058 1241 salvis

155 1253 385 1288 adfinitatibus
414 1256 448 1288 et
476 1254 635 1288 amicitiis
664 1254 776 1290 futura
806 1255 970 1299 effugisse.
1017 1255 1105 1290 Nam
1135 1257 1234 1290 sicuti
1261 1268 1328 1291 non
1359 1256 1450 1290 licuit
1481 1256 1511 1289 ei
1542 1256 1662 1289 durare
1691 1256 1727 1288 in
1756 1255 1844 1289 hanc
1873 1254 2058 1299 beatissimi

155 1301 280 1334 saeculi
304 1301 411 1333 lucem
438 1312 476 1333 ac
499 1301 683 1344 principem
708 1300 888 1335 Traianum
914 1303 1037 1346 videre,
1062 1303 1151 1346 quod
1176 1303 1316 1347 augurio
1343 1303 1498 1346 votisque
1523 1302 1611 1346 apud
1641 1303 1774 1334 nostras
1803 1311 1901 1334 aures
1930 1300 2058 1334 omina-

113 1359 139 1379 η
156 1346 264 1389 batur,
296 1346 344 1380 ita
372 1346 549 1385 festinatae
579 1348 696 1380 mortis
728 1348 853 1392 grande
884 1349 1046 1383 solacium
1078 1349 1157 1382 tulit
1189 1350 1332 1383 evasisse
1363 1351 1570 1393 postremum
1599 1348 1684 1382 illud
1713 1350 1863 1393 tempus,
1892 1359 1960 1393 quo
1991 1347 2058 1382 Do·

154 1394 315 1428 mitianus
340 1406 408 1428 non
433 1394 499 1427 iam
524 1407 585 1438 per
609 1395 782 1429 intervalla
806 1407 844 1429 ac
868 1397 1071 1440 spiramenta
1095 1399 1298 1440 temporum,
1329 1397 1386 1429 sed
1416 1396 1577 1429 continuo
1607 1398 1642 1428 et
1670 1395 1764 1428 velut
1792 1406 1860 1428 uno
1890 1396 1962 1429 ictu
1986 1405 2057 1427 rem

154 1441 325 1485 publicam
355 1441 518 1474 exhausit.
566 1440 645 1474 Non
675 1442 760 1475 vidit
784 1442 943 1486 Agricola
973 1443 1141 1477 obsessam
1171 1443 1296 1476 curiam
1326 1445 1360 1476 et
1388 1442 1539 1475 clausum
1569 1442 1672 1474 armis
1705 1443 1858 1475 senatum
1884 1443 1919 1474 et
1940 1440 2057 1474 eadem
2073 1445 2113 1473 45

155 1490 268 1534 strage
292 1489 345 1522 tot
368 1487 594 1523 consularium
618 1488 743 1533 caedes,
768 1491 819 1524 tot
843 1489 1127 1525 nobilissimarum
1151 1489 1349 1524 feminarum
1371 1489 1471 1523 exilia
1491 1490 1525 1523 et
1543 1487 1650 1533 fugas.
1689 1487 1767 1523 Una
1786 1487 1896 1522 adhuc
1914 1489 2058 1523 victoria

156 1535 261 1569 Carus
281 1536 417 1569 Mettius
438 1535 644 1576 censebatur,
669 1538 702 1569 et
726 1536 814 1569 intra
833 1536 996 1570 Albanam
1018 1548 1126 1570 arcem
1148 1537 1314 1569 sententia
1332 1536 1505 1569 Messalini
1525 1535 1705 1579 strepebat,
1726 1538 1759 1568 et
1778 1535 1891 1568 Massa
1911 1535 2057 1568 Baebius

113 1594 140 1614 :io
156 1581 259 1616 etiam
284 1583 357 1616 tum
381 1593 458 1616 reus
483 1583 554 1615 erat
600 1581 679 1615 Mox
706 1585 840 1616 nostrae
865 1583 987 1617 duxere
1006 1582 1199 1617 Helvidium
1222 1583 1258 1616 in
1282 1594 1446 1618 carcerem
1471 1592 1590 1616 manus
1614 1593 1676 1616 nos
1696 1582 1837 1616 Maurici
1857 1581 2057 1628 Rusticique

155 1629 314 1664 iudicium
337 1630 547 1672 exercuimus,
573 1642 633 1663 nos
659 1630 829 1663 innocenti
855 1633 1016 1676 sanguine
1037 1630 1174 1664 Senecio
1198 1630 1352 1674 perfudit.
1389 1629 1480 1663 Nero
1504 1632 1618 1662 tamen
1643 1630 1812 1663 subtraxit
1837 1630 1954 1663 oculos
1978 1640 2057 1663 suos

269 1764 281 1787 1
304 1760 459 1787 escendere
479 1760 613 1796 Lipsius:
634 1760 774 1787 excedere
794 1763 884 1787 ABGT
979 1764 994 1787 2
1016 1760 1073 1787 nisi
1093 1760 1207 1795 scripsi:
1229 1759 1280 1787 sed
1300 1761 1391 1786 ABGT
1475 1758 1503 1786 in
1524 1757 1639 1786 nullum
1658 1758 1701 1786 rei
1720 1757 1859 1794 publicae
1878 1767 1964 1786 usum
1987 1759 2056 1787 Mn«-

155 1801 244 1825 retus:
271 1797 302 1824 in
326 1796 419 1824 ullum
443 1797 484 1824 rei
510 1796 646 1832 publicae
670 1805 756 1823 usum
776 1800 806 1831 Τ,
835 1797 866 1824 in
889 1797 982 1825 ullum
1007 1797 1050 1825 rei
1073 1798 1141 1834 post
1164 1805 1248 1825 usum
1267 1798 1349 1830 ABG3
1374 1797 1407 1824 in
1427 1798 1451 1823 A
1470 1795 1538 1824 add.
1560 1796 1592 1824 in
1611 1796 1742 1833 margine
1761 1795 1801 1824 At
1820 1795 1852 1824 in
1870 1795 1984 1824 nullum
2038 1798 2056 1802 “

155 1844 249 1870 usum,
269 1835 301 1864 in
322 1837 344 1863 G
363 1834 414 1864 scd
433 1838 446 1862 i
465 1833 527 1863 ullu
548 1843 578 1862 rc
598 1838 617 1871 p
637 1844 729 1870 usum,
750 1836 782 1864 in
797 1838 817 1863 Τ
836 1834 867 1863 in
886 1835 999 1863 nullum
1019 1835 1061 1864 rei
1079 1834 1216 1871 publicae
1236 1843 1320 1862 usum
1434 1837 1450 1862 4
1471 1834 1607 1871 circulos]
1632 1842 1686 1870 per
1709 1834 1735 1862 c‘
1802 1842 1834 1863 os
1854 1836 1875 1861 Β
1981 1837 1998 1862 ⁶
2043 1835 2057 1862 t

153 1893 334 1935 scr-ipsine&
348 1894 452 1919 ABG'r
485 1928 491 1934 ἢ
528 1895 545 1919 6
565 1892 772 1927 interceptum]
788 1891 944 1933 intercepti
959 1895 979 1918 'r
994 1900 1029 1919 ecc
1043 1900 1114 1919 corr.
1180 1890 1282 1957 nobis&
1292 1879 1375 1917 anis
1395 1893 1427 1923 A,
1448 1893 1474 1917 et
1493 1891 1526 1917 in
1545 1890 1676 1925 marqine
1690 1833 1807 2049 ig*
1821 1898 1844 1917 e.
1860 1889 1903 1932 sic
1922 1889 2001 1925 lego)

153 1929 238 1958 nobis
257 1928 332 1957 nihil
351 1928 505 1967 comperti]
524 1936 576 1958 om.
593 1931 613 1955 Τ
697 1931 734 1958 ut
753 1928 819 1957 add.
841 1928 959 1958 Wesmus
1057 1930 1072 1957 7
1094 1926 1240 1965 Ceterum]
1283 1928 1413 1956 ceterum
1433 1929 1465 1962 A,
1486 1927 1616 1966 ceterum
1635 1928 1656 1955 Β
1807 1926 1955 1966 tudinem]
1974 1926 2055 1956 uale-

154 1987 287 2015 tudinem
313 1990 335 2014 G
359 1997 394 2014 m.
412 1996 458 2021 pr.
570 1985 698 2021 nuntios]
723 1985 843 2013 nuncios
869 1988 893 2011 A
1005 1989 1022 2012 8
1042 1985 1173 2021 visentis]
1192 1985 1321 2011 uiseritis
1341 1987 1371 2017 Β,
1390 1967 1520 2011 uisendas
1540 1987 1562 2010 G
1652 1987 1669 2010 9
1694 1984 1724 2011 d·
1781 1984 1866 2020 sitos]
1886 1992 1940 2011 οισι.
1955 1987 1976 2011 1

154 2024 302 2060 nuntiata]
322 2023 462 2050 nunciata
482 2025 505 2049 A
580 2021 746 2058 constabat]
767 2021 940 2049 constabant
959 2024 1004 2048 AB
1081 2024 1115 2049 10
1135 2021 1280 2058 Speciem]
1296 2021 1420 2056 spetiem
1436 2023 1458 2047 G
1534 2020 1639 2048 habitu
1659 2020 1691 2048 E
1775 2021 1828 2048 ’μσς
1849 2020 1947 2049 animo
1965 2022 2056 2048 nor

250 2064 282 2090 11
304 2059 471 2097 constabat]
491 2060 524 2088 in
544 2062 566 2087 G
584 2058 652 2088 add.
670 2060 698 2087 in
719 2059 849 2096 maryine
872 2060 968 2087 costat
1063 2061 1096 2086 13
1117 2058 1217 2095 caeca]
1238 2066 1326 2086 coeca
1345 2060 1382 2091 Δ,
1402 2058 1450 2086 sed
1469 2067 1486 2085 o
1507 2061 1649 2093 expunct,
1669 2066 1739 2085 ceca
1758 2059 1812 2085 BG.
1833 2058 1872 2086 In
1890 2060 1915 2085 A
1933 2058 2002 2086 add.
2024 2060 2054 2085 iu

154 2119 284 2154 maryine
304 2107 317 2144 ἔ
374 2115 507 2180 αἰείεἰίἰαίἓ
534 2115 665 2179 αάεἰᾱιιζιίε
685 2118 730 2178 Β(Ξ
763 2114 904 2179 i1⁵1G¹iiOJ
925 2114 995 2171 025⁰
1011 2117 1063 2179 AS
1090 2115 1225 2179 teg-tigano
1251 2114 1384 2179 {sirm-g:
1405 2115 1451 2178 ξι·
1465 2115 1555 2179 AB&
1584 2150 1601 2178 b
1614 2113 1796 2179 medecimtg]
1813 2113 1933 2179 ξερίιιιίῑ
1954 2116 1985 2146 G,
2006 2113 2055 2140 de-

154 2157 323 2230 giilslgguz]
343 2153 486 2227 Piscque
505 2193 526 2218 Β
560 2155 592 2187 Δ,
622 2159 905 2227 mainet'usjaglgtii:
925 2154 963 2217 gt.
978 2159 1105 2225 impeteulz
1125 2160 1163 2223 ἒ
1181 2151 1405 2224 ἷιῗιεέεὺυῖΡΑῦέ,
1432 2158 1537 2216 ἔεέθξη
1551 2158 1765 2231 ῗίεῐοοᾶίοῗεε
1782 2153 1991 2217 ΞιάιῗείηΔῖκῖν
2005 2191 2056 2231 ''ne

154 2231 250 2258 metus
346 2232 380 2257 19
401 2228 509 2264 spatio]
530 2228 629 2263 spacio
649 2230 672 2254 A
760 2227 840 2263 vera]
860 2227 951 2254 uerba
969 2229 991 2253 ’.ι’
1073 2229 1109 2253 20
1129 2227 1209 2262 sunt]
1234 2235 1287 2253 om.
1303 2228 1324 2252 Β
1424 2229 1457 2252 21
1479 2233 1629 2260 speciosae
1648 2234 1721 2253 sane
1745 2226 1939 2261 contigerant.
2014 2226 2056 2254 lis

155 2268 244 2304 atque
273 2274 363 2295 uxore
391 2266 505 2302 scripsi:
535 2263 684 2301 speciosae
713 2272 771 2292 non
806 2263 990 2300 contigerant
1018 2262 1079 2291 filia
1108 2264 1197 2299 atque
1220 2271 1309 2291 uxore
1330 2264 1382 2296 AT,
1418 2262 1546 2299 spetiose
1574 2271 1632 2291 non
1661 2262 1849 2300 contigerant
1873 2263 1937 2292 filia
1965 2265 2056 2300 atque

154 2313 245 2334 uxore
267 2308 298 2339 G,
323 2304 450 2341 spetioso
469 2312 527 2332 non
547 2303 750 2339 contingerant
774 2301 835 2330 filia
860 2303 949 2338 atque
973 2310 1061 2330 uxore
1081 2303 1111 2336 Β,
1141 2303 1172 2330 in
1193 2303 1260 2328 AGT
1281 2301 1347 2329 add.
1368 2302 1400 2329 in
1419 2302 1550 2337 margine
1574 2300 1726 2337 speciosae
1747 2301 1887 2338 [spetiosa
1907 2302 1942 2339 G]
1963 2302 2055 2330 conti—

154 2344 260 2379 gerant
282 2342 344 2370 filia
368 2343 457 2376 atque
481 2341 580 2368 uxoris
601 2340 669 2376 [uxo
689 2340 725 2376 A]
801 2342 835 2366 22
861 2339 978 2375 beatus]
998 2339 1093 2366 beatis
1113 2342 1135 2365 G
1229 2341 1264 2365 23
1285 2337 1502 2374 adfinitatibus]
1521 2337 1718 2365 affinitatibus
1738 2340 1806 2364 ΔΜ
1901 2339 2055 2375 amicitiis]

155 2381 269 2437 aniciiciis
284 2410 308 2436 A
398 2405 485 2435 sicuti
500 2415 559 2435 non
574 2406 656 2434 licuit
674 2405 702 2434 ei
720 2404 825 2433 durare
838 2405 955 2441 scripsi:
976 2403 1064 2433 sicuti
1079 2403 1185 2433 durare
1199 2405 1289 2431 uer
1378 2403 1454 2432 hanc
1468 2403 1633 2432 beatissimi
1648 2403 1760 2433 saeculi
1775 2404 1871 2433 lucem
1886 2405 2055 2434 Acidaliae:

154 2447 210 2475 hac
229 2445 395 2475 beatissimi
415 2444 505 2472 seculi
525 2444 589 2471 luce
609 2446 698 2470 ABGT
773 2446 809 2470 24
828 2442 999 2478 Traianum]
1016 2442 1168 2469 Traia-rum
1182 2444 1213 2476 Β,
1233 2443 1389 2476 trayanum
1409 2444 1429 2468 1
1505 2449 1590 2468 aures
1623 2441 1702 2469 auris
1723 2443 1744 2468 Β
1821 2445 1856 2469 25
1877 2442 2002 2480 grande]
2023 2444 2055 2470 iu

154 2486 202 2511 AG
221 2484 289 2512 add.
304 2484 337 2512 in
356 2482 486 2518 maryine
504 2480 546 2508 A}
565 2488 654 2516 graue
730 2479 872 2507 solacium
891 2482 945 2507 T?:
972 2478 1110 2507 solatium
1129 2480 1199 2506 ABG
1274 2481 1309 2506 26
1328 2477 1422 2516 velut]
1441 2479 1474 2506 in
1494 2481 1516 2505 G
1598 2502 1603 2506 .
1618 2479 1652 2506 in
1671 2480 1802 2516 maryine
1825 2478 1875 2507 uel
1952 2482 1987 2507 2⁷
2007 2487 2055 2508 ex-

154 2521 268 2559 hausit]
288 2522 320 2550 in
339 2522 362 2548 G
381 2519 447 2548 add.
462 2520 496 2548 in
514 2519 643 2555 maryine
662 2517 761 2546 hausit
845 2516 989 2554 clausum]
1009 2516 1121 2545 clusum
1140 2519 1208 2544 AG'r
1302 2518 1338 2544 28
1358 2515 1546 2554 feminarum]
1565 2516 1761 2545 foeminarum
1780 2520 1804 2544 A
1895 2520 1931 2545 2⁹
1951 2516 2057 2556 cuns]

155 2559 260 2588 charus
275 2561 307 2593 A,
323 2558 419 2587 clarus
434 2559 455 2584 Β
512 2556 632 2584 Mettius
647 2558 671 2582 A
684 2564 828 2591 suprascr.
845 2558 867 2582 G
880 2564 935 2591 my.
951 2557 971 2582 1·
985 2564 1053 2591 φημι
1073 2554 1175 2581 mitius
1189 2555 1280 2580 ABG}⁸
1338 2554 1448 2590 arcem]
1468 2555 1501 2582 in
1515 2556 1584 2581 ΔΜ·
1603 2554 1671 2582 add.
1692 2555 1725 2582 in
1744 2556 1876 2591 margine
1895 2554 2002 2583 uiuam

156 2596 295 2634 Baebius]
322 2595 426 2623 bebius
450 2596 510 2628 AG,
534 2593 656 2621 boebius
676 2594 697 2620 Β
792 2595 827 2620 30
852 2591 954 2629 etiam]
978 2591 1037 2620 iam
1058 2593 1094 2626 A,
1115 2599 1167 2619 om.
1183 2592 1204 2618 Β
1300 2599 1352 2619 nos
1378 2590 1502 2619 Maurici
1521 2590 1696 2627 Rusticique
1716 2591 1859 2621 indiciam
1877 2594 2057 2622 maanu-

154 2636 212 2664 ιιι-η’
251 2635 269 2663 ⁶:
293 2642 345 2662 nos
365 2632 489 2661 Maurici
513 2630 685 2667 Rusticique
708 2630 790 2658 uisus
809 2631 909 2664 uer,
932 2631 965 2658 in
984 2632 1052 2657 AG’l'
1071 2629 1138 2658 add.
1154 2630 1187 2657 in
1206 2630 1336 2666 margine
1362 2637 1414 2657 nos
1438 2629 1602 2657 mam-icum
1624 2629 1778 2666 [mauricii-1
1799 2630 1835 2667 A]
1854 2631 2056 2668 rusticumque

154 2672 309 2701 dimsimus
386 2673 418 2698 31
441 2669 561 2699 Senecio
581 2672 638 2698 ’Νι
658 2668 768 2697 senetio
789 2669 858 2696 ABG
