2312 3005
191 114 282 139 nnn
794 112 973 142 CORNELH
991 113 1117 143 TACITI
1136 113 1354 143 AGRJGOLAE
1375 117 1483 143 15—17
2075 111 2098 145 9

191 198 227 231 in
252 198 460 242 sanguinem,
483 201 682 241 procurator
706 200 742 233 in
765 200 854 233 bona
878 201 1029 234 saeviret.
1072 200 1191 244 Aeque
1217 200 1418 234 discordiam
1443 201 1726 244 praepositorum,
1749 211 1856 243 aeque
1882 199 2096 233 concordiam

191 243 352 278 subiectis
386 244 572 279 exitiosam.
621 244 772 280 Alterius
807 258 924 281 manus
958 246 1180 292 centuriones,
1213 246 1351 281 alterius
1386 258 1500 282 servos
1529 246 1599 281 vim
1629 248 1664 281 et
1693 245 1917 281 contumelias
1947 245 2096 280 miseere.

189 290 288 325 Nihil
316 292 382 325 iam
413 292 590 337 cupiditati
619 293 706 327 nihil
733 294 866 328 libidini
895 297 1082 339 exceptum.
1129 294 1169 328 In
1198 295 1326 339 proelio
1356 294 1533 329 fortiorem
1561 305 1644 337 esse,
1674 293 1734 338 qui
1764 292 1902 337 spoliet:
1932 304 2022 327 nunc
2051 292 2095 326 ab

190 337 321 384 ignavis
351 339 548 384 plerumque
580 342 613 374 et
642 340 824 375 inbellibus
854 341 938 386 eripi
967 342 1095 386 domos,
1124 341 1276 376 abstrahi
1304 341 1440 382 liberos,
1470 341 1603 387 iniungi
1627 341 1783 384 dilectus,
1807 342 1981 384 tamquam
2007 339 2094 374 mori

162 400 174 420 5
190 388 321 419 tantum
341 397 403 430 pro
423 387 532 430 patria
551 388 786 421 nescientibus.
831 389 1036 429 Quantulum
1062 389 1152 423 enim
1177 389 1336 422 transisse
1360 388 1516 432 militum,
1542 389 1571 422 si
1595 400 1668 422 sese
1692 387 1865 422 Brittanni
1889 387 2097 421 numerent?

190 431 247 466 Sic
267 431 463 467 Germanias
487 434 671 468 excussisse
695 435 827 481 iugum:
851 438 886 469 et
905 436 1053 480 flumine,
1072 447 1141 469 non
1161 434 1294 470 Oceano
1320 435 1462 469 defendi.
1508 434 1581 469 Sibi
1603 435 1761 480 patriam,
1785 434 1958 479 coniuges,
1977 445 2096 478 paren-

189 481 249 523 tes,
273 480 342 515 illis
367 480 542 515 avaritiam
567 483 600 515 et
624 481 792 516 luxuriam
818 494 935 517 causas
960 483 1039 517 belli
1065 494 1145 517 esse.
1193 482 1405 526 Recessuros,
1435 484 1474 516 ut
1498 481 1606 516 Divus
1630 481 1739 515 Iulius
1763 480 1968 524 recessisset,
1992 480 2094 514 modo

188 527 347 561 virtutem
371 528 537 561 maiorum
562 540 699 562 suorum
724 530 973 563 aemularentur
996 541 1079 563 neve
1103 530 1223 573 proelii
1248 530 1347 563 unius
1372 531 1432 563 aut
1455 529 1595 563 alterius
1614 531 1738 562 eventu
1757 529 1991 573 pavescerent:
2016 527 2094 572 plus

188 573 334 617 impetus
354 574 518 617 felicibus,
539 575 699 609 maiorem
721 576 944 610 constantiam
969 588 1072 620 penes
1096 576 1238 610 miseros
1263 587 1343 610 esse.
1382 575 1454 609 Iam
1479 575 1737 609 Brittannorum
1763 574 1866 608 etiam
1892 574 1973 607 deos
1997 574 2095 607 mise-

147 634 173 655 ιο
188 620 264 663 reri,
294 621 351 664 qui
383 620 569 654 Romanum
601 622 719 655 ducem
748 622 930 667 absentem,
959 623 1017 666 qui
1046 622 1232 667 relegatum
1262 623 1298 655 in
1326 622 1392 656 alia
1420 621 1531 656 insula
1554 622 1742 655 exercitum
1772 621 1971 654 detinerent.
2020 618 2093 653 Iam

186 667 287 747 {lpsods1
304 667 395 711 quod
419 667 657 702 difficillimum
682 668 794 712 fuerit,
823 669 1018 703 deliberare:
1050 680 1152 713 porro
1178 669 1212 702 in
1237 669 1308 702 eius
1333 668 1425 703 modi
1450 668 1601 703 consiliis
1625 668 1850 712 periculosius
1880 678 1954 700 esse
1979 667 2094 711 depre-

211 726 252 747 en
278 714 285 721 ⁰
312 725 413 757 quam
437 715 567 748 audere.

302 761 366 795 His
390 763 491 806 atque
515 762 640 797 talibus
664 762 809 797 invicem
830 762 981 797 instincti
1001 762 1179 807 Boudicca,
1198 762 1329 808 generis
1349 762 1434 808 regii
1453 762 1587 804 femina,
1607 762 1692 797 duce
1712 760 1839 808 (neque
1859 761 1949 796 enim
1971 772 2090 796 sexum
2110 763 2149 794 1⁸

187 808 223 840 in
256 808 406 852 imperiis
441 808 648 852 discernunt)
678 821 849 852 sumpsere
882 810 1030 842 universi
1064 809 1198 842 bellum.
1247 809 1298 842 Ac
1327 821 1460 852 sparsos
1489 821 1550 852 per
1580 811 1720 842 castella
1748 809 1875 842 milites
1905 808 2092 842 consectati

145 869 171 891 ιε
187 854 387 901 expugnatis
411 854 586 900 praesidiis
611 854 719 900 ipsam
745 855 911 889 coloniam
932 855 1083 890 invasere
1103 857 1141 889 ut
1161 855 1272 889 sedem
1292 854 1478 889 servitutis:
1503 866 1565 889 nec
1584 856 1692 889 ullum
1713 854 1749 888 in
1768 853 1923 888 barbaris
1944 853 2092 900 ingeniis

186 902 343 936 saevitiae
379 914 485 946 genus
520 903 634 936 omisit
668 903 717 936 ira
751 905 784 936 et
818 903 968 936 victoria.
1017 902 1115 943 Quod
1142 903 1207 936 nisi
1237 903 1398 937 Paulinus
1427 903 1565 948 cognito
1594 902 1790 947 provinciae
1820 905 1916 936 motu
1947 913 2091 946 propere

186 948 406 993 subvenisset,
431 949 554 982 amissa
578 948 746 982 Brittania
771 949 867 983 foret.
907 949 1015 989 Quam
1040 950 1140 982 unius
1163 949 1283 994 proelii
1308 950 1444 983 fortuna
1468 949 1574 983 veteri
1598 949 1785 993 patientiae
1805 949 1957 982 restituit
1976 951 2091 982 tenen-

186 995 278 1029 tibus
303 1007 396 1028 arma
419 995 599 1039 plerisque,
624 1007 709 1039 quos
734 996 938 1030 conscientia
963 996 1160 1030 defectionis
1180 999 1214 1029 et
1232 997 1390 1040 proprius
1410 1008 1450 1029 ex
1470 996 1584 1042 legato
1604 995 1710 1029 timor
1729 995 1892 1042 agitabat,
1911 1007 1954 1029 ne
1974 1007 2090 1039 quam-

186 1054 287 1087 quam
312 1042 467 1087 egregius
492 1044 602 1075 cetera
626 1042 828 1088 adroganter
852 1043 887 1076 in
912 1042 1043 1076 deditos
1068 1045 1102 1076 et
1125 1046 1163 1076 ut
1188 1055 1265 1076 suae
1291 1043 1451 1086 cuiusque
1476 1043 1619 1076 iniuriae
1638 1043 1731 1076 ultor
1749 1043 1868 1076 durius
1888 1042 2090 1076 consuleret.

144 1104 172 1122 ,ο
186 1089 311 1122 Missus
336 1089 442 1133 igitur
465 1089 644 1122 Petronius
669 1089 886 1133 Turpilianus
909 1092 1083 1133 tamquam
1108 1089 1311 1123 exorabilior
1335 1092 1369 1124 et
1393 1090 1524 1124 delictis
1548 1089 1700 1124 hostium
1720 1101 1829 1123 novus
1848 1101 1958 1133 eoque
1976 1088 2092 1133 paeni-

185 1135 310 1168 tentiae
345 1135 469 1178 mitior‚
503 1136 700 1179 compositis
733 1135 904 1180 prioribus
937 1135 1025 1168 nihil
1058 1136 1146 1169 ultra
1180 1148 1279 1169 ausus
1309 1136 1476 1169 Trebellio
1507 1135 1658 1169 Maximo
1692 1136 1903 1180 provinciam
1937 1136 2090 1168 tradidit.

185 1181 372 1216 Trebellius
397 1181 532 1227 segnior
555 1184 590 1215 et
613 1181 717 1215 nullis
742 1183 930 1216 castrorum
955 1182 1193 1226 experimentis
1218 1183 1374 1217 comitate
1400 1182 1544 1227 quadam
1568 1182 1708 1216 curandi
1733 1181 1942 1227 provinciam
1969 1182 2090 1216 tenuit.

185 1228 339 1262 Didicere
374 1228 440 1261 iam
473 1228 609 1261 barbari
642 1240 775 1272 quoque
809 1229 984 1273 ignoscere
1018 1229 1110 1262 vitiis
1140 1229 1400 1272 blandientibus,
1428 1232 1462 1262 et
1490 1230 1698 1262 interventus
1728 1229 1881 1262 civilium
1916 1240 2088 1263 armorum

185 1275 340 1319 praebuit
363 1274 487 1308 iustam
513 1274 677 1320 segnitiae
706 1275 965 1309 excusationem.
1015 1275 1079 1309 Sed
1109 1275 1274 1309 discordia
1302 1275 1502 1319 laboratum,
1526 1287 1602 1309 cum
1627 1275 1788 1309 adsuetus
1813 1275 2090 1320 expeditionibus

143 1335 169 1355 ιε
185 1322 282 1355 miles
312 1322 382 1355 otio
411 1322 596 1355 lasciviret:
625 1323 683 1355 sed
711 1322 899 1356 Trebellius
928 1323 1010 1367 fuga
1037 1335 1075 1355 ac
1104 1323 1240 1356 latebris
1269 1324 1375 1356 vitata
1404 1323 1569 1355 exercitus
1599 1323 1649 1356 ira
1683 1323 1862 1356 indecorus
1896 1325 1999 1367 atque
2028 1322 2089 1356 hu-

185 1369 275 1402 milis
299 1369 450 1412 precario
476 1380 554 1402 mox
574 1368 730 1412 praefuit,
749 1380 788 1402 ac
806 1369 900 1402 velut
918 1372 1016 1413 pacta
1035 1370 1200 1403 exercitus
1219 1369 1364 1411 licentia,
1384 1368 1478 1402 ducis
1498 1368 1606 1403 salute
1626 1380 1666 1403 ea
1685 1368 1807 1403 seditio
1828 1369 1902 1403 sine
1922 1368 2089 1414 sanguine

185 1416 289 1449 stetit.
336 1414 410 1448 Nec
434 1415 569 1448 Vettius
598 1415 747 1449 Bolanus
781 1416 995 1449 manentibus
1024 1416 1133 1449 adhuc
1165 1416 1317 1449 civilibus
1347 1415 1446 1449 bellis
1481 1416 1625 1460 agitavit
1653 1415 1859 1449 Brittaniam
1894 1415 2088 1460 disciplina:

185 1461 299 1496 eadem
333 1462 454 1495 inertia
488 1473 568 1507 erga
596 1461 720 1505 hostes,
750 1461 870 1496 similis
899 1463 1085 1506 petulantia
1113 1464 1307 1505 castrorum,
1337 1462 1400 1495 nisi
1432 1462 1523 1505 quod
1552 1462 1713 1496 innocens
1738 1461 1889 1496 Bolanus
1919 1464 1954 1495 et
1982 1461 2088 1495 nullis

185 1509 317 1542 delictis
342 1508 471 1542 invisus
496 1509 671 1542 caritatem
696 1511 873 1552 paraverat
896 1509 971 1542 loco
995 1509 1214 1543 auctoritatis.

142 1570 170 1590 ao
303 1555 368 1589 Sed
402 1555 460 1588 ubi
495 1567 571 1588 cum
606 1557 715 1588 cetero
751 1555 831 1589 orbe
860 1554 1086 1599 Vespasianus
1121 1558 1154 1588 et
1182 1555 1383 1588 Brittaniam
1413 1555 1634 1599 recuperavit,
1663 1555 1778 1600 magni
1814 1555 1926 1597 duces,
1955 1555 2085 1600 egregii
2103 1559 2142 1588 17

184 1603 359 1645 exercitus,
384 1602 533 1634 minutae
552 1601 700 1635 hostium
721 1613 804 1644 spes.
843 1601 890 1635 Et
909 1604 1069 1635 terrorem
1089 1603 1203 1635 statim
1224 1602 1339 1635 intulit
1358 1601 1500 1634 Petilius
1521 1601 1660 1635 Cerialis
1680 1601 1883 1646 Brigantum
1904 1602 2088 1645 civitatem,

498 1673 511 1687 Θ

184 1698 207 1722 ὰς
222 1694 330 1730 quibus
345 1696 371 1720 Η
386 1703 421 1721 m.
428 1703 475 1729 pr.
487 1695 510 1729 ξι
526 1693 633 1729 quibus
648 1696 674 1720 Η
689 1703 724 1721 m.
735 1703 795 1727 sec„
812 1702 828 1721 e
843 1694 949 1729 quibus
964 1697 1023 1721 abt
1100 1698 1114 1721 1
1130 1694 1312 1730 procurator]
1327 1694 1500 1728 procuratur
1514 1696 1541 1720 Π
1555 1702 1591 1721 m.
1598 1703 1645 1729 pr.
1709 1697 1725 1720 2
1741 1693 1910 1730 exitiosam]
1926 1694 2087 1721 exicio-am

184 1735 210 1759 Η
229 1741 264 1760 m.
278 1741 322 1768 pr.
393 1731 509 1768 manus]
529 1739 647 1759 manum
667 1733 734 1765 abt,
754 1732 805 1767 qui
822 1732 996 1767 scripturam
1015 1732 1121 1760 codicis
1135 1733 1161 1758 11
1175 1731 1251 1759 man'
1267 1731 1342 1766 falso
1362 1731 1543 1766 interpretati
1561 1734 1630 1759 sunt
1665 1737 1667 1740 ⁴
1706 1730 1891 1759 centuriones
1911 1731 2085 1760 Menam:

188 1769 366 1799 centurionis
385 1772 476 1797 Eabt
537 1768 743 1806 contumelias]
768 1768 940 1797 cotumelias
959 1772 986 1797 Η
1046 1768 1180 1812 miscere]
1199 1771 1225 1796 11
1244 1779 1278 1797 m.
1295 1777 1345 1798 sec.
1362 1768 1427 1797 add.
1444 1768 1476 1797 in
1490 1777 1554 1797 mar
1579 1769 1620 1797 'ne
1644 1768 1722 1797 ciere
1789 1771 1806 1797 8
1826 1768 1952 1807 proelio]
1971 1768 2086 1806 praelio

183 1810 241 1842 Hb,
261 1807 354 1842 prelio
374 1816 392 1833 a
466 1806 630 1843 fortiorem]
649 1806 803 1834 forciorem
822 1809 849 1833 Η
867 1816 902 1834 m.
920 1816 965 1842 pr.
1043 1810 1059 1833 4
1080 1806 1258 1870 inbellibus]³
1270 1806 1438 1833 imbellibus
1458 1811 1483 1839 t.
1508 1806 1550 1833 im
1594 1805 1706 1840 ,illibus
1726 1816 1753 1839 a,
1777 1806 1928 1834 imbemus
1947 1810 1965 1834 b
2041 1807 2086 1834 di·

182 1844 288 1881 lectus]
304 1843 434 1872 delectus
449 1846 475 1870 Π
489 1853 524 1871 m.
535 1852 587 1871 sec.
604 1846 662 1870 abt
719 1846 735 1870 5
752 1843 789 1880 si]
805 1843 829 1870 si
845 1843 868 1871 ἃ
883 1846 910 1870 11
924 1853 959 1871 m.
968 1853 1012 1879 pr.
1066 1843 1224 1880 Brittanni]
1261 1843 1369 1870 ritanni
1383 1844 1474 1870 linit
1531 1846 1547 1870 6
1563 1843 1737 1880 excussisse]
1752 1845 1780 1871 Η
1793 1845 1826 1872 in
1840 1852 1899 1872 ras.
1933 1861 1935 1863 ·
1953 1843 2087 1881 flumine]

183 1883 292 1911 litterae
311 1882 389 1909 mine
408 1883 441 1909 in
460 1883 486 1908 Η
506 1882 538 1909 in
557 1890 614 1909 ras.
678 1880 828 1918 coniuges]
849 1881 981 1917 coniugis
1001 1884 1027 1908 Η
1046 1891 1082 1909 m.
1094 1890 1140 1917 pr.
1210 1884 1224 1908 7
1246 1879 1414 1917 avaritiam]
1429 1880 1592 1908 auariciam
1612 1890 1630 1908 a
1697 1884 1713 1908 9
1733 1880 1884 1918 felicibus]
1899 1890 1952 1909 ons.
1969 1883 2010 1908 ab

182 1940 283 1976 penes]
304 1947 411 1975 paenes
431 1941 475 1965 Ht
550 1937 782 1975 Brittannorum]
802 1937 1003 1966 britannorum
1023 1940 1113 1966 Habt
1190 1941 1221 1966 11
1244 1938 1335 1975 quod]
1351 1917 1427 1973 quoi}¹
1439 1947 1456 1965 a
1534 1940 1568 1966 13
1588 1937 1738 1967 Boudicca
1753 1938 1901 1967 Haasias:
1922 1947 1961 1967 uo
1981 1938 2087 1968 adioca

182 1979 242 2010 Bt,
264 1978 294 2004 ι’νι
314 1976 417 2012 quibus
436 1976 469 2002 in
487 1977 617 2011 maryine
636 1976 703 2003 add.
725 1975 815 2002 bouid
835 1976 903 2009 icta,
923 1975 1073 2002 Voadicca
1092 1985 1118 2009 a,
1140 1975 1280 2003 Voaduca
1299 1978 1316 2002 b
1392 1975 1515 2012 femina]
1535 1975 1663 2003 foemina
1683 1985 1701 2002 a
1776 1976 1885 2013 neque]
1905 1985 1958 2004 nec
1977 1979 1995 2003 b

184 2017 217 2042 14
237 2013 380 2050 imperiis]
400 2012 520 2049 inperiis
540 2015 566 2039 H
643 2016 677 2040 15
697 2012 835 2049 ingeniis]
855 2021 908 2040 om.
923 2015 963 2039 ab
1041 2015 1075 2039 16
1095 2014 1124 2040 et
1143 2012 1279 2049 victoria]
1303 2014 1336 2040 in
1355 2014 1381 2039 11
1400 2014 1511 2041 litterae
1531 2012 1555 2039 ὦ
1574 2021 1607 2040 u1
1625 2014 1658 2041 in
1677 2022 1735 2041 ras.
1811 2013 1994 2050 provinciae]
2018 2024 2086 2050 pro·

181 2052 293 2080 uintiae
308 2061 326 2078 a
384 2053 417 2078 17
433 2050 592 2087 Brittania]
607 2050 771 2078 brittannia
790 2052 839 2085 w,
859 2049 1011 2077 Britannia
1030 2052 1072 2077 ab
1129 2049 1247 2086 proelii]
1262 2049 1367 2086 praelii
1387 2053 1427 2078 ab
1484 2049 1660 2088 patientiae]
1680 2049 1849 2086 pacientiae
1867 2052 1894 2078 Π
1913 2060 1949 2079 ιιι.
1961 2060 2009 2088 pr.

183 2092 217 2117 18
236 2088 397 2125 plerisque]
416 2087 549 2123 plerique
568 2090 585 2114 b
660 2087 809 2124 proprius]
829 2087 950 2123 propius
969 2090 1028 2114 abt
1112 2096 1147 2115 ne
1167 2095 1345 2123 quamquam
1362 2088 1522 2117 Walchius:
1547 2096 1735 2123 nequaquam
1759 2090 1866 2122 naht,
1895 2090 1929 2116 in
1948 2091 1998 2116 Ha
2017 2090 2085 2117 aad.

180 2136 216 2155 m.
232 2135 283 2155 sec.
300 2127 332 2153 in
351 2126 481 2162 maryine
499 2128 596 2159 nequa
673 2127 707 2152 19
727 2123 875 2161 egregius]
895 2124 1050 2166 aegregius
1070 2127 1096 2151 Η
1177 2125 1286 2161 cetera]
1306 2126 1423 2153 coetera
1442 2135 1468 2159 a,
1489 2126 1588 2161 cetera
1606 2127 1623 2152 b
1701 2125 1893 2162 adroganter]
1913 2128 2087 2162 arroganter

181 2167 221 2191 ab
279 2163 420 2197 cuiusque
444 2162 575 2190 Weaeius:
597 2161 717 2197 eiusque
736 2164 827 2189 naht
883 2161 995 2198 durius]
1017 2162 1050 2189 in
1069 2164 1095 2189 Η
1114 2162 1182 2189 add.
1198 2172 1234 2190 m.
1249 2170 1300 2190 sec.
1316 2162 1349 2189 in
1369 2163 1498 2198 marqine
1518 2161 1625 2190 dubius
1702 2164 1738 2190 20
1758 2162 1861 2199 novus]
1882 2163 1968 2191 nouis
1987 2166 2005 2191 b

180 2201 285 2238 eoque]
306 2210 334 2236 q.
354 2202 389 2235 Η,
409 2209 444 2228 m.
459 2208 510 2228 sec.
526 2208 616 2235 supra
636 2208 703 2227 vsm.
719 2199 786 2228 aad.
802 2208 836 2227 eo
930 2198 1141 2236 paenitentiae]
1161 2199 1361 2235 poenitentiae
1380 2209 1399 2227 a
1494 2202 1528 2227 21
1551 2199 1652 2236 ausus]
1674 2199 1755 2228 ausis
1775 2202 1793 2227 b
1888 2200 2087 2238 provinciam]

180 2238 360 2276 prouintiam
379 2240 428 2265 Ha
517 2240 551 2265 22
573 2237 706 2274 curandi]
727 2237 837 2265 litterae
857 2245 892 2264 cu
912 2237 945 2264 in
964 2239 990 2264 Η
1010 2237 1041 2265 in
1062 2246 1117 2265 ras.
1194 2237 1388 2275 provinciam]
1407 2236 1588 2274 prouintiam
1607 2239 1657 2264 Ea
1742 2239 1778 2265 84
1874 2237 1945 2266 'tiae
1965 2247 2085 2267 exeusa-

180 2277 290 2304 tionem
318 2275 423 2316 senitie
442 2273 658 2302 accusationem
677 2277 694 2301 b
771 2277 806 2301 25
826 2274 900 2310 otio]
915 2274 979 2301 ocio
998 2277 1016 2301 b
1073 2274 1234 2310 lasciviret]
1253 2274 1410 2302 lasciueret
1429 2285 1447 2302 a
1505 2274 1569 2311 sed]
1584 2283 1637 2303 om.
1653 2277 1709 2308 ab,
1728 2276 1762 2302 in
1781 2277 1808 2302 Β
1863 2275 1880 2303 1.
1897 2285 1933 2303 m.
1948 2285 1999 2304 sec.

180 2313 283 2342 Trebel
300 2312 356 2356 ἀς]
381 2311 526 2340 tnbellius
551 2314 577 2338 Η
600 2320 635 2339 m.
651 2320 695 2347 pr.
791 2311 958 2348 indecorus]
986 2311 1131 2339 indecoris
1156 2314 1227 2338 abt:
1257 2321 1324 2339 nam
1344 2313 1377 2340 in
1400 2314 1427 2339 11
1446 2315 1478 2339 ut
1496 2313 1613 2347 saepius
1631 2313 1771 2347 mptum
1790 2316 1831 2340 eet
1850 2312 1992 2353 indecori]

181 2354 216 2378 26
235 2350 382 2386 precario]
401 2349 552 2385 praecario
572 2351 620 2375 m»
687 2348 829 2385 praefuit]
848 2348 986 2384 praebuit
1005 2351 1031 2375 Β
1050 2358 1086 2376 m.
1096 2358 1155 2384 pr„
1174 2348 1231 2376 fuit
1250 2351 1267 2375 b
1336 2358 1370 2376 ac
1385 2348 1466 2377 velut
1480 2349 1568 2384 pacta
1582 2349 1728 2377 exercitus
1743 2348 1873 2383 licentia,
1889 2349 1974 2378 ducis
1989 2349 2086 2378 salute

179 2388 294 2424 scripsi:
317 2395 352 2415 ac
371 2386 454 2414 uelut
471 2386 552 2414 facta
571 2385 715 2413 exercitus
735 2385 856 2413 licentia
876 2385 959 2413 ducis
980 2385 1075 2413 salute
1094 2388 1129 2419 Ε,
1149 2386 1198 2413 sed
1217 2395 1252 2413 m.
1268 2395 1318 2414 sec.
1340 2387 1393 2414 del.
1414 2386 1495 2413 facta
1518 2385 1664 2413 exercitus
1688 2385 1811 2414 licentia
1835 2386 1920 2414 ducis
1944 2387 2042 2415 salute
2061 2391 2087 2416 ct

180 2427 213 2453 in
233 2426 362 2462 maryine
380 2424 516 2459 inferiore
535 2423 602 2451 add.
618 2422 700 2459 pacti
719 2422 863 2451 exercitus
883 2422 1004 2451 licentia
1024 2422 1083 2451 dux
1103 2422 1242 2457 salutem3
1262 2427 1275 2450 t
1294 2432 1347 2451 om.
1363 2424 1448 2452 verba
1465 2426 1530 2459 post
1548 2422 1680 2459 praefuit
1699 2427 1726 2451 et
1745 2424 1779 2452 in
1797 2425 1929 2460 narys'ne
1948 2433 1984 2453 ac
2003 2424 2088 2453 uelut

180 2461 262 2499 pacti
281 2461 425 2490 exercitus
444 2460 595 2488 licentiam
614 2460 673 2488 dux
694 2460 819 2488 salutern
838 2460 915 2494 add„
935 2468 970 2487 ac
989 2460 1073 2487 uelut
1091 2460 1172 2496 pacti
1193 2460 1337 2488 exercitus
1356 2460 1479 2488 licentia
1498 2461 1557 2487 dux
1577 2460 1672 2488 salute
1692 2464 1723 2495 b,
1745 2469 1780 2488 ac
1799 2460 1884 2489 uelut
1903 2462 1985 2498 pacti
2005 2471 2085 2490 exer-

180 2500 256 2528 citus
276 2498 397 2527 licentia
417 2498 476 2525 dux
496 2497 591 2525 salute
610 2507 640 2531 a,
660 2498 709 2525 sed
728 2499 760 2525 in
779 2498 909 2534 maryine
928 2498 995 2525 add.
1016 2496 1059 2524 Al*
1078 2497 1158 2525 facta
1178 2497 1322 2525 exercitus
1341 2497 1443 2526 licetia
1463 2497 1546 2525 ducis
1571 2497 1667 2526 salute
1769 2507 1806 2526 ea
1825 2499 2035 2528 Doederlims:
2060 2499 2085 2527 ἀ

179 2540 270 2566 naht
345 2539 380 2565 2⁷
401 2535 531 2573 Vettius]
550 2535 665 2564 uectins
685 2537 744 2563 abt
818 2533 960 2572 Bolanus]
979 2534 1104 2564 nolanus
1124 2537 1191 2563 nst
1267 2535 1456 2574 Brittaniam]
1476 2535 1669 2564 brittanniam
1689 2538 1739 2571 w,
1764 2535 1949 2566 Britanniam
1968 2539 2010 2565 ab

180 2579 216 2604 28
235 2575 350 2613 eadem]
366 2576 396 2603 et
410 2574 513 2603 eadem
527 2576 544 2601 b
611 2572 730 2610 inertia]
745 2572 776 2601 in
790 2573 886 2601 hertia
900 2577 914 2600 t
984 2573 1095 2611 hostes]
1111 2573 1204 2602 hostis
1219 2576 1236 2601 b
1304 2573 1444 2612 Bolanus]
1459 2573 1583 2602 nolanus
1598 2576 1667 2602 liat
1743 2576 1779 2602 80
1799 2575 1910 2612 cetero]
1926 2576 2043 2604 coetero
2058 2585 2086 2610 a,

180 2615 276 2652 cetero
295 2615 312 2640 b
370 2611 547 2640 Brittaniam
575 2610 767 2639 brittanniam
782 2613 809 2638 Η
822 2620 858 2639 m.
873 2619 925 2638 sec.
942 2614 992 2639 t?.
1013 2611 1195 2639 Britanniam
1211 2614 1251 2638 ab
1309 2614 1343 2639 31
1360 2611 1504 2649 minutae]
1519 2610 1635 2639 minuta
1654 2614 1681 2639 11
1702 2621 1736 2639 m.
1751 2621 1802 2641 sec.
1819 2614 1886 2640 abt.
1946 2612 2087 2651 Petilius]

180 2651 314 2680 Petillius
334 2656 347 2678 t
422 2648 543 2678 Cerialis
576 2648 716 2677 caerealis
736 2651 819 2684 Eat,
839 2648 959 2677 cerealis
980 2651 996 2677 b
1080 2649 1265 2686 Brigantum]
1287 2649 1462 2686 bregantum
1481 2652 1531 2679 Ra
1545 2659 1581 2679 ex
1594 2658 1666 2679 corr.
1682 2652 1727 2686 bt,
1747 2649 1940 2687 Bregantinm
1955 2660 1974 2680 a
1988 2660 2025 2680 ns.
2037 2660 2086 2688 pr.
